3104 4860
1284 272 1303 329 5

183 441 334 517 cogitandi
363 439 512 500 diversam
547 457 611 500 esse
643 440 785 500 rationem
817 442 957 499 statuant.
1008 439 1095 512 Quod
1118 440 1302 516 argumentis

179 543 299 621 probari
332 561 492 619 numquam
523 561 609 619 posse
638 543 691 602 sed
722 561 860 617 magnum
891 541 1047 606 discrimen
1071 542 1148 601 inter
1170 542 1240 600 istas
1262 541 1301 600 lo-

179 647 314 706 cutiones
338 649 457 706 exstare
480 644 680 704 Preibischins
703 646 733 704 in
757 644 966 704 dissertatione
987 662 1040 704 sna
1056 642 1195 720 ostendit,
1218 644 1303 703 cuius

179 749 328 807 sententia
352 747 438 808 etiam
462 746 547 806 nobis
571 748 697 807 maxime
719 746 881 823 probabilis
905 747 1117 807 videturesse.
1161 743 1219 805 Sed
1236 764 1300 805 cum

179 851 303 927 longum
327 853 356 910 et
379 868 636 926 supervacaneum
659 850 713 928 sit,
746 849 845 910 denuo
877 848 1011 909 diuersas
1040 849 1302 927 grammaticorum

178 953 343 1013 sententias
367 953 538 1012 examinare
562 955 652 1028 atque
675 971 849 1029 comparare
873 953 950 1012 inter
972 970 1021 1029 se,
1052 951 1080 1012 id
1113 950 1194 1029 qnod
1222 952 1302 1011 Prei-

178 1054 311 1113 biscbius
334 1055 482 1131 explicate
506 1059 535 1114 et
557 1054 706 1114 subtiliter
730 1053 819 1130 fecit,
851 1055 899 1114 bic
926 1059 1041 1114 tantum
1069 1054 1142 1131 qnid
1170 1055 1234 1131 ipse
1257 1055 1302 1113 vir

179 1156 285 1216 doctus
309 1157 345 1216 de
369 1157 426 1215 hac
450 1174 480 1216 re
504 1157 678 1233 exposuerit
698 1175 787 1233 qnam
809 1157 983 1216 brevissime
1004 1156 1146 1232 persequi
1160 1157 1233 1216 satis
1248 1159 1302 1216 est.

266 1259 331 1329 „Ex
354 1260 420 1335 ipsa
443 1259 521 1318 euim
544 1259 665 1334 genitivi
689 1263 797 1318 natura
812 1259 853 1334 fit,
877 1262 909 1318 ut
925 1259 1119 1337 comparativi
1136 1258 1301 1336 genitivum

179 1361 347 1422 exhibentis
377 1361 520 1421 infinitior
548 1361 735 1437 relativaqne
759 1362 840 1420 notio
864 1361 901 1420 ad
926 1365 1038 1421 certam
1062 1360 1212 1438 quandam
1236 1379 1301 1437 per-

179 1482 282 1524 sonam
306 1464 353 1523 vel
369 1483 432 1523 rem
449 1463 562 1524 directa
576 1463 643 1540 ipsa
659 1465 766 1525 certior
782 1464 900 1541 evadat,
922 1465 963 1523 ita
979 1463 1109 1542 quidem,
1131 1469 1164 1523 ut
1184 1467 1300 1524 tantum

179 1567 250 1644 quid
284 1564 462 1625 discriminis
493 1566 571 1626 inter
603 1567 677 1626 dnas
713 1572 901 1643 comparatas
938 1585 987 1626 res
1019 1566 1201 1643 intercedat,
1231 1585 1301 1644 non,

180 1669 277 1745 qualis
307 1688 363 1746 per
385 1687 416 1730 se
440 1670 506 1746 ipsa
522 1666 657 1744 ‘utraque
681 1687 728 1728 res
751 1670 797 1746 sit,
820 1673 1029 1746 cognoscatur.
1074 1668 1205 1729 Alterius
1228 1687 1300 1728 vero

183 1772 415 1848 comparationis
446 1791 500 1848 per
527 1757 547 1849 ἢ
579 1773 704 1831 effectae
735 1772 810 1836 ratio
841 1790 876 1830 ea
899 1775 958 1849 est,
988 1775 1029 1842 nt,
1052 1789 1119 1831 cnm
1142 1757 1162 1850 ἦ
1183 1789 1302 1848 semper

179 1873 390 1933 disiunctivam
414 1875 472 1933 vim
497 1875 634 1951 retineat,
657 1874 781 1933 alterum
806 1874 891 1934 alieri
913 1892 1083 1951 repugnare
1106 1874 1193 1950 qnasi
1210 1878 1302 1950 atquc

180 1977 361 2037 contrarium
393 1994 458 2036 esse
489 1976 639 2042 videatur,
677 1977 870 2052 quamobrem
901 1977 956 2037 hac
984 1977 1115 2037 dictione
1144 1975 1301 2036 certiorem

178 2079 328 2157 quandam
360 2097 480 2140 sensnm
514 2079 672 2139 exhibente
701 2081 773 2139 certi
797 2079 893 2139 simile
917 2078 988 2155 quid
1012 2078 1049 2138 de
1073 2085 1200 2155 utraque
1223 2097 1300 2138 com-

178 2185 283 2259 parata
313 2200 346 2242 re
374 2182 574 2258 praedicatur.
627 2179 715 2242 Unde
744 2180 831 2241 facile
855 2185 990 2259 apparet,
1017 2182 1073 2241 hoc
1097 2183 1299 2257 comparativo

179 2303 246 2344 cnm
269 2273 290 2362 ἢ
315 2285 475 2345 coniuncto
500 2285 542 2345 uti
566 2303 644 2361 eum,
667 2285 718 2361 qui
740 2286 840 2345 acrius
864 2283 935 2362 qnid
952 2285 1138 2362 dicerevult,
1160 2285 1299 2362 quivero

178 2388 226 2448 vei
258 2386 420 2448 modestius
453 2387 500 2447 vei
529 2387 637 2447 tectius
668 2387 780 2464 aliquid
811 2387 911 2448 dicere
938 2386 1051 2464 studet,
1083 2406 1149 2448 enm
1176 2388 1299 2448 alteram

179 2491 346 2566 dictionem,
370 2507 448 2566 qnae
471 2490 648 2549 sententiam
672 2490 760 2549 latius
783 2493 940 2566 vagantem
964 2489 1094 2566 exhibet,
1121 2487 1297 2565 praeferre.“

264 2592 318 2652 His
341 2592 484 2670 expositis
507 2611 588 2651 nnnc
610 2591 647 2653 de
670 2593 735 2669 ipso
760 2593 955 2668 comparativi
982 2611 1048 2652 cnm
1073 2596 1245 2670 comparata
1267 2612 1300 2654 re

178 2696 329 2756 coniuncti
353 2713 410 2755 usu
434 2694 604 2764 Herodoteo
628 2693 817 2755 disseramus.
854 2695 954 2772 Atque
970 2696 1010 2755 ita
1025 2714 1087 2755 rem
1103 2696 1301 2773 instituemus,

179 2804 211 2858 ut
233 2799 317 2874 prins
340 2797 377 2858 de
402 2797 605 2874 comparativo
628 2798 793 2876 genitivum
816 2798 995 2876 asciscente,
1029 2802 1090 2858 tum
1122 2797 1159 2857 de
1190 2783 1298 2877 ticum

178 2905 350 2978 comparata
373 2919 406 2960 re
429 2902 633 2977 comparativo
656 2901 796 2962 adiuncto
820 2901 1016 2977 disseramns;
1055 2901 1142 2961 tertio
1170 2899 1300 2977 deniqne

179 3003 276 3078 capite
299 3002 336 3063 de
359 3003 473 3064 voculis
496 3003 534 3062 ad
557 3002 724 3082 augendam
748 3004 797 3064 vel
813 3003 1001 3064 minuendam
1019 3004 1076 3062 vim
1093 3004 1298 3080 comparativo

178 3105 321 3182 appositis
343 3107 435 3166 verba
459 3105 612 3166 faciemus.
