3104 4860
1263 273 1303 328 35

265 442 332 500 Hue
355 458 475 516 quoque
499 443 614 516 spectet
637 439 796 509 illelmus,
819 456 879 514 quo
896 438 1022 514 legimus
1045 431 1082 495 τί
1099 482 1104 494 .
1120 463 1125 494 ι
1144 423 1242 495 ἄλλο
1267 425 1303 514 η’;
1371 487 1373 492 s

181 544 351 620 negativum
376 559 495 602 sensum
521 541 680 600 exhibens:
711 541 731 610 1,
749 544 798 616 27,
816 544 854 600 15
879 528 1040 618 νησιώτας
1063 531 1099 596 δὲ
1120 532 1153 596 τί
1177 533 1304 608 δοκέεις

180 631 336 722 εὔχεσθαι
367 632 452 702 ἄλλο
483 630 502 721 ἢ
527 687 557 700 ..
582 639 697 716 λαβεῖν
726 626 892 720 ἀρώμενοι
915 627 1048 712 Λυδοὺς
1077 632 1112 698 ἐν
1135 631 1305 717 θαλάσση·

180 749 276 808 Nemo
300 748 377 806 enim
401 751 460 818 est,
490 747 540 821 qui
563 747 687 822 dubitet,
716 746 788 820 quin
812 745 889 803 idem
915 744 1011 802 valeat
1033 737 1065 800 τί
1089 729 1172 801 ἄλλο
1196 733 1232 824 η’;
1262 750 1304 804 et-

180 867 239 927 que
262 833 364 907 οδδὲν
387 836 471 907 ἄλλο
495 836 525 925 ἥ.

265 939 414 1010 ἄλλοθι
443 939 464 1029 ἦ
492 951 623 1026 denique
653 950 821 1010 invenimus
854 950 899 1009 hie
922 949 1010 1009 loeis:
1041 949 1096 1021 111,
1112 953 1161 1020 73,
1178 953 1218 1010 10
1240 945 1304 1007 νῦν

181 1039 231 1112 ών
255 1048 389 1130 τίθεμαι
412 1050 531 1130 ψῆφον
552 1046 734 1111 πείθεσθαι
753 1047 881 1129 Δαρείῳ
904 1043 959 1110 καὶ
982 1040 1026 1130 μὴ
1049 1036 1245 1110 διαλύεσθαι
1267 1043 1305 1109 ἐκ

181 1151 243 1214 τοῦ
273 1144 444 1233 συλλόγου
474 1144 599 1214 τούτου
629 1140 753 1212 ἄλλοθι
780 1143 943 1225 tonnae-²⁵)
975 1140 994 1232 ἢ
1024 1144 1079 1212 ἐπὶ
1101 1144 1162 1212 τὸν
1184 1141 1304 1232 Μάγον
1390 1173 1392 1180 ’

180 1251 304 1328 ἰθέως·
340 1260 373 1333 V,
389 1262 439 1334 82,
457 1262 493 1318 12
527 1250 658 1334 λέγεται
688 1249 722 1314 δὲ
754 1250 810 1314 καὶ
842 1243 887 1326 ὡς
916 1247 1021 1313 ἐλαῖαι
1058 1241 1144 1334 ἦσαν
1182 1244 1304 1314 ι’ίλλοθι

180 1357 239 1439 γῆς
262 1345 412 1436 οὐδαμοῦ
434 1348 664 1436 κατὰχρόνον
687 1364 801 1416 κεῖνον
824 1345 843 1438 ἢ
866 1345 1080 1436 ἒνΆθήνησι.

267 1445 1305 1540 mmmtmmfflmummfflmffim

178 1561 301 1642 περ..)
327 1565 395 1623 vide
418 1582 510 1640 supro
532 1583 560 1640 p.
577 1567 615 1625 32
641 1569 670 1623 et
692 1567 740 1624 29.

266 1681 298 1756 β)
333 1685 427 1761 Magis
457 1684 496 1742 ad
526 1683 797 1760 comparativorum
835 1683 979 1744 rationem
1012 1681 1129 1742 eooedit
1159 1667 1304 1756 ἀλλοῖος,

181 1787 263 1862 quod
280 1787 349 1845 item
373 1805 438 1845 oum
462 1773 482 1864 η’
505 1786 696 1846 coniunctum
720 1785 800 1862 apud
824 1786 1011 1846 Herodotum
1033 1785 1193 1846 invenitur.
1237 1788 1305 1847 Duo

183 1888 319 1966 exempla
343 1895 475 1962 exstant,
507 1906 634 1964 quorum
666 1890 695 1946 in
725 1887 819 1947 altero
851 1889 996 1965 positivus
1026 1889 1056 1948 in
1086 1889 1179 1949 altero
1210 1907 1305 1965 oomp.

181 1975 397 2067 ἀλλοιότερος
419 1990 592 2050 exhibetur:

265 2094 302 2170 11,
318 2097 401 2169 35,6
434 2083 613 2170 Αἰγύπτιοι
645 2078 708 2170 ἅμα
741 2089 790 2171 τῳ
823 2080 959 2172 ου’ρανῷ
993 2090 1042 2171 τῴ
1079 2083 1165 2151 κατὰ
1201 2087 1304 2168 σφέας

181 2185 272 2254 ε’όντι
304 2184 443 2274 ἑτεροίῳ
472 2190 526 2253 καὶ
559 2191 607 2273 τῳ
630 2193 772 2273 ποταμῷ
795 2185 898 2270 φύσιν
921 2182 1063 2275 ἀλλοίην
1084 2189 1305 2274 παρεχομένῳ

180 2285 201 2377 ἢ
224 2289 256 2355 oi
281 2284 376 2356 ἄλλοι
398 2292 555 2374 ποταμοί.
602 2299 646 2357 De
669 2300 765 2358 altero
788 2299 868 2358 loeo:
897 2299 962 2374 Vll,
979 2302 1040 2359 212
1064 2317 1090 2358 v.
1108 2317 1135 2374 p.
1153 2302 1192 2359 29
1209 2303 1239 2358 et
1255 2302 1303 2360 30.

266 2414 298 2493 γ)
340 2418 427 2477 Addo
459 2416 504 2475 bis
535 2415 612 2476 dnos
643 2418 742 2492 looos,
774 2417 884 2492 quibus
914 2406 961 2473 τὰ
990 2406 1157 2493 ἐ’μπαλιν
1186 2404 1207 2493 η’
1236 2417 1304 2477 adv.

181 2521 305 2596 legitur:

267 2624 375 2700 1,207,
393 2627 431 2682 13
463 2610 526 2700 ἤδη
555 2601 605 2679 ών
633 2609 697 2698 ἔχοι
728 2605 867 2701 γνώμην
896 2616 971 2702 περὶ
997 2619 1058 2680 τοῦ
1079 2617 1304 2700 προκειμένου
1377 2687 1380 2692 ,

179 2712 375 2803 πρήγματος
404 2715 446 2782 τὰ
476 2715 620 2801 ἔμπαλιν
649 2711 669 2803 ἢ
701 2707 807 2782 οὗτοι.
864 2726 916 2801 ΙΧ,
940 2730 1031 2803 eut
1067 2707 1238 2804 Ἀθηναῖοι
1269 2717 1305 2782 δὲ

180 2822 360 2905 ταχθέντες
383 2813 478 2906 ἥισαν
501 2814 543 2885 τὰ
566 2818 709 2904 ἔμπαλιν
731 2815 752 2906 ἢ
775 2819 1043 2906 Λακεδαιμόνιοι.

267 2931 311 2990 De
337 2930 408 2989 loeis
437 2916 758 3008 πολλαπλήσιος,
794 2919 1002 3007 διπλήσιος
1026 2961 1065 2968 -
1089 2915 1109 3008 ἦ
1140 2931 1303 2989 exhibenti-

182 3033 878 3110 memmvmnfflmmnnm

726 3191 753 3247 2.

267 3289 410 3366 Reliquos
435 3290 524 3364 loeos,
547 3291 575 3348 in
593 3289 702 3365 quibus
718 3290 766 3350 vel
782 3291 906 3350 veebum
923 3290 1045 3366 aliquod
1062 3290 1110 3349 vel
1125 3290 1303 3350 adverbialis

181 3461 252 3522 ἄλλο
271 3486 297 3520 τι
317 3461 334 3536 ἢ
353 3464 483 3522 λείπεται
501 3463 534 3538 τὸ
560 3462 698 3524 ἐνθεῦτεν
724 3462 788 3535 ἐμοὶ
807 3461 981 3522 κινδύνωνὸ
1007 3463 1162 3538 μίγιστσς;
1184 3469 1221 3536 11,
1237 3475 1303 3535 luo

182 3543 210 3605 εί
226 3570 275 3621 σφι
296 3547 378 3606 θέλοι
400 3595 444 3608 ...
463 3547 573 3624 ηχώρη
587 3546 603 3622 η
623 3546 730 3623 ἔνερθε
747 3549 883 3622 Μέμφιος
903 3594 947 3607 ,..
967 3549 1042 3607 κατὰ
1060 3550 1150 3624 λόγον
1168 3560 1219 3608 τοῦ
1232 3571 1303 3623 τιαρ-

180 3631 333 3705 οιχομένσν
356 3634 466 3708 χρόνον
487 3632 515 3701 ἐς
535 3629 608 3707 διμος
627 3631 816 3702 αὐξάνεσθαι,
835 3631 905 3692 ι’ίλλο
925 3658 950 3692 τι
970 3633 986 3708 ἢ
1007 3635 1034 3693 oi
1054 3635 1142 3708 ταὺτη
1156 3635 1304 3703 οἰκέοντες

182 3718 347 3791 Αἰγυπτίων
365 3715 542 3792 πεινήσουσι,
562 3719 589 3776 εί
600 3764 606 3777 .
620 3766 624 3776 .
638 3744 661 3783 .,·
678 3754 711 3762 -
731 3717 819 3777 ἄλλο
840 3742 867 3776 τι
889 3718 919 3793 ἢ
944 3725 1019 3792 quod
1045 3740 1095 3793 per
1120 3726 1231 3794 eltipsin
1257 3741 1305 3794 μο-

180 3808 264 3861 situm
290 3815 345 3875 est,
371 3810 412 3863 bis
438 3810 508 3864 loeis
532 3809 604 3862 idem
631 3809 688 3863 fere
712 3825 744 3862 uo
769 3817 893 3870 „nonne“
920 3811 1002 3864 valet.
1045 3811 1086 3864 uf.
1111 3811 1221 3880 mugen·
1246 3812 1262 3864 l.
1281 3829 1303 3866 o.

158 3886 162 3892 ’
184 3891 300 3948 Kilbner
317 3897 402 3959 5587,
418 3899 455 3948 lb.

266 3981 300 4044 ⁹⁶)
324 3977 371 4033 Sic
401 3994 498 4035 omnes
529 3979 587 4034 t'ere
612 3980 708 4048 eodm,
744 3996 800 4034 uno
829 3987 946 4049 excepto
970 3981 1010 4050 R,
1046 3981 1094 4050 qui
1124 3973 1186 4035 ἀλλ’
1209 3977 1305 4046 ἰόντας

181 4057 230 4117 ἐπί
259 4065 388 4133 praebet,
420 4079 503 4118 sensu
534 4081 651 4118 eoseum.
676 4066 786 4120 —Pro
811 4059 914 4120 ἄλλοθι
945 4066 1093 4121 Abiobtius
1119 4059 1189 4134 ἄλλη
1220 4067 1305 4120 scribi

180 4149 249 4214 vult,
268 4165 350 4218 quom
376 4149 596 4204 emendationem
623 4151 670 4204 vix
702 4152 885 4206 neeessariam
915 4166 977 4204 esse
1001 4158 1083 4220 puto:
1108 4150 1143 4207 of.
1164 4151 1251 4206 Stein.
1270 4152 1305 4206 od

180 4235 215 4300 11,
233 4239 342 4302 uum.

1069 4339 1099 4392 3*
