<?xml version="1.0" encoding="UTF-8"?>
<!DOCTYPE html PUBLIC "-//W3C//DTD XHTML 1.0 Transitional//EN"
    "http://www.w3.org/TR/xhtml1/DTD/xhtml1-transitional.dtd">
<html xmlns="http://www.w3.org/1999/xhtml" xml:lang="en" lang="en">
 <head>
  <title>
</title>
<meta http-equiv="Content-Type" content="text/html;charset=utf-8" />
  <meta name='ocr-system' content='tesseract 3.04.00' />
  <meta name='ocr-capabilities' content='ocr_page ocr_carea ocr_par ocr_line ocrx_word'/>
</head>
<body>
  <div class='ocr_page' id='page_1' title='image "./decomparativicu00erxlgoog_0042.png"; bbox 0 0 3104 4860; ppageno 0'>
   <div class='ocr_carea' id='block_1_1' title="bbox 168 415 1308 3872">
    <p class='ocr_par' dir='ltr' id='par_1_1' title="bbox 272 415 1034 492">
     <span class='ocr_line' id='line_1_1' title="bbox 272 415 1034 492; baseline 0 -18"><span class='ocrx_word' id='word_1_1' title='bbox 272 415 361 474; x_wconf 84' lang='lat' dir='ltr'><strong>Nune</strong></span> <span class='ocrx_word' id='word_1_2' title='bbox 383 415 541 490; x_wconf 89' lang='lat' dir='ltr'><strong>utriusque</strong></span> <span class='ocrx_word' id='word_1_3' title='bbox 564 415 683 490; x_wconf 87' lang='lat' dir='ltr'><strong>generis</strong></span> <span class='ocrx_word' id='word_1_4' title='bbox 707 415 844 492; x_wconf 81' lang='lat' dir='ltr'><strong>exemplu</strong></span> <span class='ocrx_word' id='word_1_5' title='bbox 866 416 1034 474; x_wconf 82' lang='lat' dir='ltr'><strong>efferemus.</strong></span> 
     </span>
    </p>

    <p class='ocr_par' dir='ltr' id='par_1_2' title="bbox 270 501 866 594">
     <span class='ocr_line' id='line_1_2' title="bbox 270 501 866 594; baseline -0.002 -20"><span class='ocrx_word' id='word_1_6' title='bbox 270 515 303 588; x_wconf 85' lang='grc' dir='ltr'><strong>α)</strong></span> <span class='ocrx_word' id='word_1_7' title='bbox 325 513 482 593; x_wconf 87' lang='grc' dir='ltr'><strong><em>μᾶλλον</em></strong></span> <span class='ocrx_word' id='word_1_8' title='bbox 504 501 523 594; x_wconf 81' lang='grc' dir='ltr'><em>ἤ</em></span> <span class='ocrx_word' id='word_1_9' title='bbox 545 547 587 555; x_wconf 94' lang='grc'><strong>-</strong></span> <span class='ocrx_word' id='word_1_10' title='bbox 610 518 731 593; x_wconf 85' lang='lat' dir='ltr'><strong>potius</strong></span> <span class='ocrx_word' id='word_1_11' title='bbox 755 535 866 593; x_wconf 81' lang='lat' dir='ltr'><strong>quem.</strong></span> 
     </span>
    </p>

    <p class='ocr_par' dir='ltr' id='par_1_3' title="bbox 185 618 1307 1107">
     <span class='ocr_line' id='line_1_3' title="bbox 270 618 1307 695; baseline 0.002 -16"><span class='ocrx_word' id='word_1_12' title='bbox 270 621 357 679; x_wconf 83' lang='lat' dir='ltr'><strong>Retio</strong></span> <span class='ocrx_word' id='word_1_13' title='bbox 388 620 475 678; x_wconf 91' lang='lat' dir='ltr'><strong>huius</strong></span> <span class='ocrx_word' id='word_1_14' title='bbox 503 618 729 695; x_wconf 78' lang='lat' dir='ltr'><strong>significationis</strong></span> <span class='ocrx_word' id='word_1_15' title='bbox 759 637 793 679; x_wconf 91' lang='lat' dir='ltr'><strong>eo</strong></span> <span class='ocrx_word' id='word_1_16' title='bbox 816 623 948 695; x_wconf 82' lang='lat' dir='ltr'><strong>spectet,</strong></span> <span class='ocrx_word' id='word_1_17' title='bbox 979 624 1011 677; x_wconf 92' lang='lat' dir='ltr'><strong>ut</strong></span> <span class='ocrx_word' id='word_1_18' title='bbox 1042 618 1114 678; x_wconf 87' lang='lat' dir='ltr'><strong>nihil</strong></span> <span class='ocrx_word' id='word_1_19' title='bbox 1138 621 1218 679; x_wconf 82' lang='lat' dir='ltr'><strong>alind</strong></span> <span class='ocrx_word' id='word_1_20' title='bbox 1243 621 1307 681; x_wconf 90' lang='lat' dir='ltr'><strong>fere</strong></span> 
     </span>
     <span class='ocr_line' id='line_1_4' title="bbox 186 721 1307 798; baseline 0.003 -18"><span class='ocrx_word' id='word_1_21' title='bbox 186 723 371 797; x_wconf 81' lang='lat' dir='ltr'><strong>exprimatur</strong></span> <span class='ocrx_word' id='word_1_22' title='bbox 393 721 460 796; x_wconf 85' lang='lat' dir='ltr'><strong>ille,</strong></span> <span class='ocrx_word' id='word_1_23' title='bbox 483 740 571 798; x_wconf 81' lang='lat' dir='ltr'><strong>quam</strong></span> <span class='ocrx_word' id='word_1_24' title='bbox 596 723 619 780; x_wconf 87' lang='lat' dir='ltr'><strong>si</strong></span> <span class='ocrx_word' id='word_1_25' title='bbox 642 721 749 781; x_wconf 83' lang='lat' dir='ltr'><strong>fortius</strong></span> <span class='ocrx_word' id='word_1_26' title='bbox 773 722 870 781; x_wconf 81' lang='lat' dir='ltr'><strong>dieas:</strong></span> <span class='ocrx_word' id='word_1_27' title='bbox 894 723 950 782; x_wconf 90' lang='lat' dir='ltr'><strong>hoe</strong></span> <span class='ocrx_word' id='word_1_28' title='bbox 974 722 1020 797; x_wconf 88' lang='lat' dir='ltr'><strong>fit,</strong></span> <span class='ocrx_word' id='word_1_29' title='bbox 1043 741 1101 782; x_wconf 90' lang='lat' dir='ltr'><strong>non</strong></span> <span class='ocrx_word' id='word_1_30' title='bbox 1125 741 1197 783; x_wconf 91' lang='lat' dir='ltr'><strong>vero</strong></span> <span class='ocrx_word' id='word_1_31' title='bbox 1221 723 1307 783; x_wconf 92' lang='lat' dir='ltr'><strong>iilud.</strong></span> 
     </span>
     <span class='ocr_line' id='line_1_5' title="bbox 186 818 1307 900; baseline 0 -16"><span class='ocrx_word' id='word_1_32' title='bbox 186 825 279 898; x_wconf 80' lang='lat' dir='ltr'><strong>Quum</strong></span> <span class='ocrx_word' id='word_1_33' title='bbox 304 824 342 884; x_wconf 92' lang='lat' dir='ltr'><strong>ob</strong></span> <span class='ocrx_word' id='word_1_34' title='bbox 365 843 426 884; x_wconf 91' lang='lat' dir='ltr'><strong>rem</strong></span> <span class='ocrx_word' id='word_1_35' title='bbox 449 818 578 900; x_wconf 76' lang='grc' dir='ltr'><strong><em>μᾶλλον</em></strong></span> <span class='ocrx_word' id='word_1_36' title='bbox 601 825 649 883; x_wconf 83' lang='lat' dir='ltr'><strong>hie</strong></span> <span class='ocrx_word' id='word_1_37' title='bbox 673 826 731 883; x_wconf 90' lang='lat' dir='ltr'><strong>vim</strong></span> <span class='ocrx_word' id='word_1_38' title='bbox 763 843 846 884; x_wconf 82' lang='lat' dir='ltr'><strong>suam</strong></span> <span class='ocrx_word' id='word_1_39' title='bbox 876 825 1036 900; x_wconf 77' lang='lat' dir='ltr'>genuinam</span> <span class='ocrx_word' id='word_1_40' title='bbox 1067 842 1155 900; x_wconf 83' lang='lat' dir='ltr'><strong>quem</strong></span> <span class='ocrx_word' id='word_1_41' title='bbox 1181 825 1307 885; x_wconf 82' lang='lat' dir='ltr'><strong>maxime</strong></span> 
     </span>
     <span class='ocr_line' id='line_1_6' title="bbox 185 927 1307 1004; baseline 0.002 -18"><span class='ocrx_word' id='word_1_42' title='bbox 185 927 307 1004; x_wconf 83' lang='lat' dir='ltr'><strong>deponit</strong></span> <span class='ocrx_word' id='word_1_43' title='bbox 330 928 417 1003; x_wconf 87' lang='lat' dir='ltr'><strong>eique</strong></span> <span class='ocrx_word' id='word_1_44' title='bbox 441 945 528 1002; x_wconf 87' lang='lat' dir='ltr'><strong>quam</strong></span> <span class='ocrx_word' id='word_1_45' title='bbox 553 927 663 1004; x_wconf 85' lang='lat' dir='ltr'><strong>exeipit</strong></span> <span class='ocrx_word' id='word_1_46' title='bbox 686 928 799 987; x_wconf 88' lang='lat' dir='ltr'><strong>notioni</strong></span> <span class='ocrx_word' id='word_1_47' title='bbox 822 927 934 1001; x_wconf 79' lang='lat' dir='ltr'><strong>tribuit,</strong></span> <span class='ocrx_word' id='word_1_48' title='bbox 957 927 1048 1003; x_wconf 90' lang='lat' dir='ltr'><strong>idque</strong></span> <span class='ocrx_word' id='word_1_49' title='bbox 1071 946 1106 986; x_wconf 91' lang='lat' dir='ltr'><strong>eo</strong></span> <span class='ocrx_word' id='word_1_50' title='bbox 1131 929 1307 1004; x_wconf 70' lang='lat' dir='ltr'><strong>magisque</strong></span> 
     </span>
     <span class='ocr_line' id='line_1_7' title="bbox 185 1028 1059 1107; baseline -0.001 -19"><span class='ocrx_word' id='word_1_51' title='bbox 185 1029 388 1088; x_wconf 86' lang='lat' dir='ltr'><strong>vehementius</strong></span> <span class='ocrx_word' id='word_1_52' title='bbox 410 1031 463 1088; x_wconf 82' lang='lat' dir='ltr'><strong>iile</strong></span> <span class='ocrx_word' id='word_1_53' title='bbox 486 1029 671 1105; x_wconf 83' lang='lat' dir='ltr'><strong>proferende</strong></span> <span class='ocrx_word' id='word_1_54' title='bbox 693 1034 738 1088; x_wconf 89' lang='lat' dir='ltr'><strong>est</strong></span> <span class='ocrx_word' id='word_1_55' title='bbox 761 1029 809 1102; x_wconf 87' lang='lat' dir='ltr'><strong>(ef.</strong></span> <span class='ocrx_word' id='word_1_56' title='bbox 833 1029 929 1090; x_wconf 90' lang='lat' dir='ltr'><strong>Preib.</strong></span> <span class='ocrx_word' id='word_1_57' title='bbox 952 1050 980 1107; x_wconf 90' lang='lat' dir='ltr'><strong>p.</strong></span> <span class='ocrx_word' id='word_1_58' title='bbox 997 1028 1059 1101; x_wconf 85' lang='grc'>46).</span> 
     </span>
    </p>

    <p class='ocr_par' dir='ltr' id='par_1_4' title="bbox 183 1128 1308 1722">
     <span class='ocr_line' id='line_1_8' title="bbox 270 1128 1308 1208; baseline 0.001 -18"><span class='ocrx_word' id='word_1_59' title='bbox 270 1133 367 1207; x_wconf 83' lang='lat' dir='ltr'><strong>Atque</strong></span> <span class='ocrx_word' id='word_1_60' title='bbox 398 1133 549 1207; x_wconf 90' lang='lat' dir='ltr'><strong>plerisque</strong></span> <span class='ocrx_word' id='word_1_61' title='bbox 578 1132 606 1191; x_wconf 90' lang='lat' dir='ltr'><strong>in</strong></span> <span class='ocrx_word' id='word_1_62' title='bbox 641 1131 713 1190; x_wconf 87' lang='lat' dir='ltr'><strong>loeis</strong></span> <span class='ocrx_word' id='word_1_63' title='bbox 741 1128 871 1208; x_wconf 85' lang='grc' dir='ltr'><strong><em>μᾶλλον</em></strong></span> <span class='ocrx_word' id='word_1_64' title='bbox 895 1133 1090 1207; x_wconf 87' lang='lat' dir='ltr'><strong>postpositum</strong></span> <span class='ocrx_word' id='word_1_65' title='bbox 1122 1137 1166 1191; x_wconf 85' lang='lat' dir='ltr'><strong>est</strong></span> <span class='ocrx_word' id='word_1_66' title='bbox 1195 1132 1308 1191; x_wconf 88' lang='lat' dir='ltr'><strong>notioni</strong></span> 
     </span>
     <span class='ocr_line' id='line_1_9' title="bbox 185 1221 1308 1313; baseline 0 -21"><span class='ocrx_word' id='word_1_67' title='bbox 185 1235 219 1309; x_wconf 89' lang='lat' dir='ltr'><strong>ei,</strong></span> <span class='ocrx_word' id='word_1_68' title='bbox 252 1235 299 1293; x_wconf 89' lang='lat' dir='ltr'><strong>oui</strong></span> <span class='ocrx_word' id='word_1_69' title='bbox 332 1235 458 1293; x_wconf 83' lang='lat' dir='ltr'><strong>aiterum</strong></span> <span class='ocrx_word' id='word_1_70' title='bbox 491 1234 721 1310; x_wconf 72' lang='lat' dir='ltr'><strong>comparationis</strong></span> <span class='ocrx_word' id='word_1_71' title='bbox 753 1235 915 1293; x_wconf 83' lang='lat' dir='ltr'><strong>membrum</strong></span> <span class='ocrx_word' id='word_1_72' title='bbox 940 1253 994 1310; x_wconf 90' lang='lat' dir='ltr'><strong>per</strong></span> <span class='ocrx_word' id='word_1_73' title='bbox 1016 1221 1036 1313; x_wconf 77' lang='grc' dir='ltr'><em>ἥ</em></span> <span class='ocrx_word' id='word_1_74' title='bbox 1060 1234 1236 1311; x_wconf 84' lang='lat' dir='ltr'><strong>opponitur,</strong></span> <span class='ocrx_word' id='word_1_75' title='bbox 1267 1235 1308 1293; x_wconf 85' lang='lat' dir='ltr'><strong>itu</strong></span> 
     </span>
     <span class='ocr_line' id='line_1_10' title="bbox 184 1330 1308 1417; baseline 0.002 -24"><span class='ocrx_word' id='word_1_76' title='bbox 184 1335 319 1412; x_wconf 91' lang='lat' dir='ltr'><strong>quidem,</strong></span> <span class='ocrx_word' id='word_1_77' title='bbox 351 1339 390 1417; x_wconf 25' lang='lat' dir='ltr'><strong>ut·</strong></span> <span class='ocrx_word' id='word_1_78' title='bbox 413 1340 466 1394; x_wconf 77' lang='lat' dir='ltr'><strong>erit</strong></span> <span class='ocrx_word' id='word_1_79' title='bbox 494 1330 622 1412; x_wconf 85' lang='grc' dir='ltr'><strong><em>μᾶλλον</em></strong></span> <span class='ocrx_word' id='word_1_80' title='bbox 651 1337 743 1412; x_wconf 85' lang='lat' dir='ltr'><strong>ipsam</strong></span> <span class='ocrx_word' id='word_1_81' title='bbox 771 1337 856 1395; x_wconf 84' lang='lat' dir='ltr'><strong>istem</strong></span> <span class='ocrx_word' id='word_1_82' title='bbox 895 1337 1045 1395; x_wconf 87' lang='lat' dir='ltr'><strong>notionem</strong></span> <span class='ocrx_word' id='word_1_83' title='bbox 1083 1340 1226 1412; x_wconf 84' lang='lat' dir='ltr'><strong>sequetur</strong></span> <span class='ocrx_word' id='word_1_84' title='bbox 1256 1340 1308 1395; x_wconf 78' lang='lat' dir='ltr'><strong>erut</strong></span> 
     </span>
     <span class='ocr_line' id='line_1_11' title="bbox 184 1439 1307 1515; baseline 0.001 -19"><span class='ocrx_word' id='word_1_85' title='bbox 184 1439 260 1497; x_wconf 82' lang='lat' dir='ltr'><strong>alise</strong></span> <span class='ocrx_word' id='word_1_86' title='bbox 284 1456 371 1498; x_wconf 90' lang='lat' dir='ltr'><strong>voees</strong></span> <span class='ocrx_word' id='word_1_87' title='bbox 394 1439 633 1515; x_wconf 76' lang='lat' dir='ltr'><strong>interponantur.</strong></span> <span class='ocrx_word' id='word_1_88' title='bbox 683 1439 757 1497; x_wconf 84' lang='lat' dir='ltr'><strong>Fere</strong></span> <span class='ocrx_word' id='word_1_89' title='bbox 786 1439 921 1498; x_wconf 90' lang='lat' dir='ltr'><strong>omuibus</strong></span> <span class='ocrx_word' id='word_1_90' title='bbox 945 1444 1043 1498; x_wconf 85' lang='lat' dir='ltr'><strong>eutem</strong></span> <span class='ocrx_word' id='word_1_91' title='bbox 1068 1440 1152 1515; x_wconf 84' lang='lat' dir='ltr'><strong>loeis,</strong></span> <span class='ocrx_word' id='word_1_92' title='bbox 1174 1457 1233 1498; x_wconf 92' lang='lat' dir='ltr'><strong>uuo</strong></span> <span class='ocrx_word' id='word_1_93' title='bbox 1257 1455 1307 1498; x_wconf 84' lang='lat' dir='ltr'><strong>ex-</strong></span> 
     </span>
     <span class='ocr_line' id='line_1_12' title="bbox 184 1539 1307 1618; baseline 0.002 -20"><span class='ocrx_word' id='word_1_94' title='bbox 184 1546 270 1617; x_wconf 90' lang='lat' dir='ltr'><strong>oepto</strong></span> <span class='ocrx_word' id='word_1_95' title='bbox 294 1539 485 1618; x_wconf 83' lang='lat' dir='ltr'><strong>(v11‚38‚o)</strong></span> <span class='ocrx_word' id='word_1_96' title='bbox 515 1541 661 1600; x_wconf 81' lang='lat' dir='ltr'><strong>artissime</strong></span> <span class='ocrx_word' id='word_1_97' title='bbox 694 1542 885 1600; x_wconf 90' lang='lat' dir='ltr'><strong>eoniuuetum</strong></span> <span class='ocrx_word' id='word_1_98' title='bbox 914 1545 1047 1600; x_wconf 85' lang='lat' dir='ltr'><strong>osteum</strong></span> <span class='ocrx_word' id='word_1_99' title='bbox 1073 1545 1216 1616; x_wconf 90' lang='lat' dir='ltr'><strong>sequente</strong></span> <span class='ocrx_word' id='word_1_100' title='bbox 1241 1560 1307 1617; x_wconf 87' lang='lat' dir='ltr'><strong>per·</strong></span> 
     </span>
     <span class='ocr_line' id='line_1_13' title="bbox 183 1629 325 1722; baseline -0.007 -20"><span class='ocrx_word' id='word_1_101' title='bbox 183 1644 276 1702; x_wconf 87' lang='lat' dir='ltr'><strong>tionis</strong></span> <span class='ocrx_word' id='word_1_102' title='bbox 299 1629 325 1722; x_wconf 71' lang='grc' dir='ltr'><strong>ἦ.</strong></span> 
     </span>
    </p>

    <p class='ocr_par' dir='ltr' id='par_1_5' title="bbox 183 1735 1308 1926">
     <span class='ocr_line' id='line_1_14' title="bbox 270 1735 1308 1823; baseline -0.004 -17"><span class='ocrx_word' id='word_1_103' title='bbox 270 1748 320 1806; x_wconf 89' lang='lat' dir='ltr'><strong>Bis</strong></span> <span class='ocrx_word' id='word_1_104' title='bbox 350 1747 482 1822; x_wconf 90' lang='lat' dir='ltr'><strong>denique</strong></span> <span class='ocrx_word' id='word_1_105' title='bbox 512 1743 660 1823; x_wconf 83' lang='grc' dir='ltr'><strong><em>μᾶλλον,</em></strong></span> <span class='ocrx_word' id='word_1_106' title='bbox 692 1765 757 1806; x_wconf 91' lang='lat' dir='ltr'><strong>oum</strong></span> <span class='ocrx_word' id='word_1_107' title='bbox 788 1747 888 1806; x_wconf 90' lang='lat' dir='ltr'><strong>verbis</strong></span> <span class='ocrx_word' id='word_1_108' title='bbox 917 1735 1100 1818; x_wconf 69' lang='grc' dir='ltr'><strong><em>βούλεσθαι</em></strong></span> <span class='ocrx_word' id='word_1_109' title='bbox 1123 1749 1153 1805; x_wconf 91' lang='lat' dir='ltr'><strong>et</strong></span> <span class='ocrx_word' id='word_1_110' title='bbox 1176 1735 1308 1804; x_wconf 70' lang='grc' dir='ltr'><strong><em>ἑλέσθαι</em></strong></span> 
     </span>
     <span class='ocr_line' id='line_1_15' title="bbox 183 1847 1308 1926; baseline 0 -19"><span class='ocrx_word' id='word_1_111' title='bbox 183 1850 211 1908; x_wconf 92' lang='lat' dir='ltr'><strong>in</strong></span> <span class='ocrx_word' id='word_1_112' title='bbox 229 1868 316 1908; x_wconf 83' lang='lat' dir='ltr'><strong>unum</strong></span> <span class='ocrx_word' id='word_1_113' title='bbox 334 1851 417 1926; x_wconf 84' lang='lat' dir='ltr'><strong>quasi</strong></span> <span class='ocrx_word' id='word_1_114' title='bbox 439 1850 589 1909; x_wconf 85' lang='lat' dir='ltr'><strong>notionem</strong></span> <span class='ocrx_word' id='word_1_115' title='bbox 614 1849 793 1920; x_wconf 76' lang='lat' dir='ltr'><strong>ooalescens,</strong></span> <span class='ocrx_word' id='word_1_116' title='bbox 816 1848 899 1908; x_wconf 91' lang='lat' dir='ltr'><strong>initio</strong></span> <span class='ocrx_word' id='word_1_117' title='bbox 923 1850 1068 1908; x_wconf 81' lang='lat' dir='ltr'><strong>enuntiati</strong></span> <span class='ocrx_word' id='word_1_118' title='bbox 1091 1847 1250 1908; x_wconf 90' lang='lat' dir='ltr'><strong>iuvenitur.</strong></span> <span class='ocrx_word' id='word_1_119' title='bbox 1265 1879 1308 1887; x_wconf 89' lang='lat'><em>-</em></span> 
     </span>
    </p>

    <p class='ocr_par' dir='ltr' id='par_1_6' title="bbox 183 1948 1307 2130">
     <span class='ocr_line' id='line_1_16' title="bbox 271 1948 1307 2028; baseline -0.001 -16"><span class='ocrx_word' id='word_1_120' title='bbox 271 1951 499 2012; x_wconf 81' lang='lat' dir='ltr'><strong>Consideremus</strong></span> <span class='ocrx_word' id='word_1_121' title='bbox 522 1953 612 2028; x_wconf 81' lang='lat' dir='ltr'><strong>igitur</strong></span> <span class='ocrx_word' id='word_1_122' title='bbox 628 1951 755 2027; x_wconf 91' lang='lat' dir='ltr'><strong>primum</strong></span> <span class='ocrx_word' id='word_1_123' title='bbox 772 1969 822 2012; x_wconf 88' lang='lat' dir='ltr'><strong>eos</strong></span> <span class='ocrx_word' id='word_1_124' title='bbox 839 1953 929 2027; x_wconf 87' lang='lat' dir='ltr'><strong>looos,</strong></span> <span class='ocrx_word' id='word_1_125' title='bbox 953 1951 1001 2010; x_wconf 93' lang='lat' dir='ltr'><strong>ubi</strong></span> <span class='ocrx_word' id='word_1_126' title='bbox 1018 1948 1149 2027; x_wconf 85' lang='grc' dir='ltr'><strong><em>μᾶλλον</em></strong></span> <span class='ocrx_word' id='word_1_127' title='bbox 1165 1952 1307 2010; x_wconf 89' lang='lat' dir='ltr'><strong>eontinuo</strong></span> 
     </span>
     <span class='ocr_line' id='line_1_17' title="bbox 183 2055 941 2130; baseline -0.003 -16"><span class='ocrx_word' id='word_1_128' title='bbox 183 2055 332 2114; x_wconf 90' lang='lat' dir='ltr'><strong>notionem</strong></span> <span class='ocrx_word' id='word_1_129' title='bbox 356 2055 465 2130; x_wconf 88' lang='lat' dir='ltr'><strong>prioris</strong></span> <span class='ocrx_word' id='word_1_130' title='bbox 488 2055 651 2130; x_wconf 78' lang='lat' dir='ltr'><strong>comparati</strong></span> <span class='ocrx_word' id='word_1_131' title='bbox 677 2055 799 2114; x_wconf 88' lang='lat' dir='ltr'><strong>membri</strong></span> <span class='ocrx_word' id='word_1_132' title='bbox 822 2055 941 2129; x_wconf 85' lang='lat' dir='ltr'><strong>exeipit.</strong></span> 
     </span>
    </p>

    <p class='ocr_par' dir='ltr' id='par_1_7' title="bbox 168 2156 1308 3158">
     <span class='ocr_line' id='line_1_18' title="bbox 268 2156 1307 2234; baseline -0.002 -18"><span class='ocrx_word' id='word_1_133' title='bbox 268 2158 367 2232; x_wconf 82' lang='lat' dir='ltr'><strong>Atque</strong></span> <span class='ocrx_word' id='word_1_134' title='bbox 391 2157 527 2232; x_wconf 82' lang='lat' dir='ltr'><strong>singulae</strong></span> <span class='ocrx_word' id='word_1_135' title='bbox 557 2158 594 2216; x_wconf 88' lang='lat' dir='ltr'><strong>ub</strong></span> <span class='ocrx_word' id='word_1_136' title='bbox 625 2163 751 2233; x_wconf 85' lang='lat' dir='ltr'><strong>utruque</strong></span> <span class='ocrx_word' id='word_1_137' title='bbox 780 2161 953 2234; x_wconf 78' lang='lat' dir='ltr'><strong>comparate</strong></span> <span class='ocrx_word' id='word_1_138' title='bbox 983 2162 1068 2232; x_wconf 78' lang='lat' dir='ltr'><strong>perte</strong></span> <span class='ocrx_word' id='word_1_139' title='bbox 1093 2157 1230 2216; x_wconf 87' lang='lat' dir='ltr'><strong>notiones</strong></span> <span class='ocrx_word' id='word_1_140' title='bbox 1253 2156 1307 2216; x_wconf 89' lang='lat' dir='ltr'><strong>sibi</strong></span> 
     </span>
     <span class='ocr_line' id='line_1_19' title="bbox 182 2243 1307 2338; baseline -0.003 -20"><span class='ocrx_word' id='word_1_141' title='bbox 182 2259 381 2334; x_wconf 81' lang='lat' dir='ltr'><strong>respondent:</strong></span> <span class='ocrx_word' id='word_1_142' title='bbox 420 2261 441 2336; x_wconf 89' lang='lat' dir='ltr'><strong>I,</strong></span> <span class='ocrx_word' id='word_1_143' title='bbox 465 2263 576 2334; x_wconf 80' lang='lat'><strong>206,8</strong></span> <span class='ocrx_word' id='word_1_144' title='bbox 608 2247 724 2318; x_wconf 64' lang='grc' dir='ltr'><strong><em>οὔκων</em></strong></span> <span class='ocrx_word' id='word_1_145' title='bbox 761 2247 928 2338; x_wconf 59' lang='grc' dir='ltr'><strong><em>ἐθελήσοις</em></strong></span> <span class='ocrx_word' id='word_1_146' title='bbox 965 2243 1160 2336; x_wconf 67' lang='grc' dir='ltr'><strong><em>ἱποθήκγγοι</em></strong></span> <span class='ocrx_word' id='word_1_147' title='bbox 1197 2243 1307 2334; x_wconf 65' lang='grc' dir='ltr'><strong><em>τῇσιδε</em></strong></span> 
     </span>
     <span class='ocr_line' id='line_1_20' title="bbox 180 2345 1307 2440; baseline -0.001 -21"><span class='ocrx_word' id='word_1_148' title='bbox 180 2358 341 2438; x_wconf 71' lang='grc' dir='ltr'><strong><em>χρᾶσθαι,</em></strong></span> <span class='ocrx_word' id='word_1_149' title='bbox 372 2346 459 2418; x_wconf 89' lang='grc' dir='ltr'><strong><em>άλλὰ</em></strong></span> <span class='ocrx_word' id='word_1_150' title='bbox 480 2350 663 2433; x_wconf 53' lang='lat' dir='ltr'><strong>nonnose)</strong></span> <span class='ocrx_word' id='word_1_151' title='bbox 693 2358 823 2438; x_wconf 82' lang='grc' dir='ltr'><strong><em>μᾶλλον</em></strong></span> <span class='ocrx_word' id='word_1_152' title='bbox 853 2347 872 2440; x_wconf 76' lang='grc' dir='ltr'><em>ἢ</em></span> <span class='ocrx_word' id='word_1_153' title='bbox 896 2345 937 2420; x_wconf 82' lang='lat' dir='ltr'><strong>‹ir&#39;</strong></span> <span class='ocrx_word' id='word_1_154' title='bbox 959 2349 1095 2439; x_wconf 77' lang='grc' dir='ltr'><em>ἡσυχίας</em></span> <span class='ocrx_word' id='word_1_155' title='bbox 1119 2350 1212 2419; x_wconf 73' lang='grc' dir='ltr'><strong><em>εἶναι.</em></strong></span> <span class='ocrx_word' id='word_1_156' title='bbox 1259 2361 1307 2433; x_wconf 83' lang='lat' dir='ltr'><strong>lV,</strong></span> 
     </span>
     <span class='ocr_line' id='line_1_21' title="bbox 185 2451 1307 2544; baseline -0.003 -21"><span class='ocrx_word' id='word_1_157' title='bbox 185 2468 253 2540; x_wconf 80' lang='lat'><strong>137,</strong></span> <span class='ocrx_word' id='word_1_158' title='bbox 279 2468 317 2524; x_wconf 88' lang='grc'><strong>10</strong></span> <span class='ocrx_word' id='word_1_159' title='bbox 347 2452 571 2544; x_wconf 69' lang='grc' dir='ltr'><strong>βουλήσεσθαι</strong></span> <span class='ocrx_word' id='word_1_160' title='bbox 605 2451 667 2541; x_wconf 67' lang='grc' dir='ltr'><strong>γάρ</strong></span> <span class='ocrx_word' id='word_1_161' title='bbox 695 2453 839 2542; x_wconf 74' lang='grc' dir='ltr'><strong><em>ἑκάστην</em></strong></span> <span class='ocrx_word' id='word_1_162' title='bbox 862 2459 932 2520; x_wconf 78' lang='grc' dir='ltr'><strong>τῶν</strong></span> <span class='ocrx_word' id='word_1_163' title='bbox 954 2457 1086 2520; x_wconf 82' lang='grc' dir='ltr'><strong><em>πολίων</em></strong></span> <span class='ocrx_word' id='word_1_164' title='bbox 1110 2457 1307 2542; x_wconf 76' lang='grc' dir='ltr'><strong><em>δημοκρατέ-</em></strong></span> 
     </span>
     <span class='ocr_line' id='line_1_22' title="bbox 181 2549 1308 2643; baseline 0 -21"><span class='ocrx_word' id='word_1_165' title='bbox 181 2564 278 2624; x_wconf 80' lang='grc' dir='ltr'><strong><em>εσθαι</em></strong></span> <span class='ocrx_word' id='word_1_166' title='bbox 316 2562 444 2641; x_wconf 83' lang='grc' dir='ltr'><strong><em>μᾶλλον</em></strong></span> <span class='ocrx_word' id='word_1_167' title='bbox 484 2552 504 2643; x_wconf 76' lang='grc' dir='ltr'><strong><em>ἢ</em></strong></span> <span class='ocrx_word' id='word_1_168' title='bbox 535 2555 808 2643; x_wconf 77' lang='grc' dir='ltr'><strong><em>τυραννεύεσθαι.</em></strong></span> <span class='ocrx_word' id='word_1_169' title='bbox 865 2570 934 2642; x_wconf 81' lang='lat'><strong>162,</strong></span> <span class='ocrx_word' id='word_1_170' title='bbox 960 2570 997 2626; x_wconf 81' lang='lat'><strong>13</strong></span> <span class='ocrx_word' id='word_1_171' title='bbox 1029 2552 1047 2622; x_wconf 83' lang='lat' dir='ltr'><strong>d</strong></span> <span class='ocrx_word' id='word_1_172' title='bbox 1079 2558 1113 2622; x_wconf 75' lang='lat' dir='ltr'><strong>di·</strong></span> <span class='ocrx_word' id='word_1_173' title='bbox 1144 2549 1308 2623; x_wconf 67' lang='grc' dir='ltr'><strong><em>Εὐέλθων</em></strong></span> 
     </span>
     <span class='ocr_line' id='line_1_23' title="bbox 181 2655 1305 2747; baseline -0.002 -21"><span class='ocrx_word' id='word_1_174' title='bbox 181 2664 251 2726; x_wconf 80' lang='grc' dir='ltr'><strong>πᾶν</strong></span> <span class='ocrx_word' id='word_1_175' title='bbox 281 2665 411 2745; x_wconf 88' lang='grc' dir='ltr'><strong><em>μᾶλλον</em></strong></span> <span class='ocrx_word' id='word_1_176' title='bbox 441 2655 459 2745; x_wconf 73' lang='grc' dir='ltr'><strong><em>ἢ</em></strong></span> <span class='ocrx_word' id='word_1_177' title='bbox 483 2657 644 2745; x_wconf 78' lang='grc' dir='ltr'><strong><em>στρατιήν</em></strong></span> <span class='ocrx_word' id='word_1_178' title='bbox 671 2661 702 2725; x_wconf 75' lang='grc' dir='ltr'><strong>οἱ</strong></span> <span class='ocrx_word' id='word_1_179' title='bbox 734 2659 855 2725; x_wconf 74' lang='grc' dir='ltr'><strong><em>ἐδίδου.</em></strong></span> <span class='ocrx_word' id='word_1_180' title='bbox 902 2669 964 2736; x_wconf 84' lang='lat' dir='ltr'><strong>VH,</strong></span> <span class='ocrx_word' id='word_1_181' title='bbox 981 2672 1009 2742; x_wconf 85' lang='lat'><strong>9,</strong></span> <span class='ocrx_word' id='word_1_182' title='bbox 1024 2665 1087 2742; x_wconf 76' lang='grc' dir='ltr'><strong>β,9</strong></span> <span class='ocrx_word' id='word_1_183' title='bbox 1111 2657 1191 2737; x_wconf 83' lang='grc' dir='ltr'><strong>τούς</strong></span> <span class='ocrx_word' id='word_1_184' title='bbox 1212 2663 1305 2747; x_wconf 81' lang='grc' dir='ltr'><strong><em>χρῆν,</em></strong></span> 
     </span>
     <span class='ocr_line' id='line_1_24' title="bbox 183 2753 1306 2849; baseline -0.001 -21"><span class='ocrx_word' id='word_1_185' title='bbox 183 2761 302 2840; x_wconf 73' lang='grc' dir='ltr'><strong><em>ἰόντας</em></strong></span> <span class='ocrx_word' id='word_1_186' title='bbox 325 2753 572 2848; x_wconf 72' lang='grc' dir='ltr'><strong><em>ὁμογλώσσους,</em></strong></span> <span class='ocrx_word' id='word_1_187' title='bbox 597 2759 714 2849; x_wconf 75' lang='grc' dir='ltr'><strong><em>κήρυξί</em></strong></span> <span class='ocrx_word' id='word_1_188' title='bbox 737 2787 770 2827; x_wconf 84' lang='grc' dir='ltr'><strong>τι</strong></span> <span class='ocrx_word' id='word_1_189' title='bbox 796 2765 1050 2847; x_wconf 64' lang='grc' dir='ltr'><strong><em>διαγινομένοις</em></strong></span> <span class='ocrx_word' id='word_1_190' title='bbox 1065 2765 1119 2827; x_wconf 78' lang='grc' dir='ltr'><strong>καὶ</strong></span> <span class='ocrx_word' id='word_1_191' title='bbox 1139 2755 1306 2847; x_wconf 72' lang='grc' dir='ltr'><strong><em>ἀγγέλοισι</em></strong></span> 
     </span>
     <span class='ocr_line' id='line_1_25' title="bbox 182 2858 1304 2950; baseline -0.004 -18"><span class='ocrx_word' id='word_1_192' title='bbox 182 2863 453 2950; x_wconf 68' lang='grc' dir='ltr'><strong><em>καταλαμβάνοι)</em></strong></span> <span class='ocrx_word' id='word_1_193' title='bbox 488 2858 546 2943; x_wconf 82' lang='grc' dir='ltr'><strong>τάς</strong></span> <span class='ocrx_word' id='word_1_194' title='bbox 577 2858 739 2950; x_wconf 70' lang='grc' dir='ltr'><strong><em>διαφοράς</em></strong></span> <span class='ocrx_word' id='word_1_195' title='bbox 761 2866 816 2928; x_wconf 85' lang='grc' dir='ltr'><strong>καὶ</strong></span> <span class='ocrx_word' id='word_1_196' title='bbox 846 2867 945 2929; x_wconf 75' lang='grc' dir='ltr'><strong><em>παντὶ</em></strong></span> <span class='ocrx_word' id='word_1_197' title='bbox 978 2869 1107 2949; x_wconf 81' lang='grc' dir='ltr'><strong><em>μάλλον</em></strong></span> <span class='ocrx_word' id='word_1_198' title='bbox 1135 2858 1304 2949; x_wconf 77' lang='grc' dir='ltr'><strong><em>ἧμάγγγσι.</em></strong></span> 
     </span>
     <span class='ocr_line' id='line_1_26' title="bbox 183 2959 1305 3055; baseline -0.002 -22"><span class='ocrx_word' id='word_1_199' title='bbox 183 2981 267 3046; x_wconf 82' lang='grc'>38,6</span> <span class='ocrx_word' id='word_1_200' title='bbox 298 2971 421 3055; x_wconf 75' lang='grc' dir='ltr'><em>Ξέρξης</em></span> <span class='ocrx_word' id='word_1_201' title='bbox 458 2970 491 3033; x_wconf 73' lang='grc' dir='ltr'><strong>δὲ</strong></span> <span class='ocrx_word' id='word_1_202' title='bbox 530 2972 600 3033; x_wconf 81' lang='grc' dir='ltr'><strong>πάν</strong></span> <span class='ocrx_word' id='word_1_203' title='bbox 634 2970 764 3052; x_wconf 76' lang='grc' dir='ltr'><strong><em>μᾶλλον</em></strong></span> <span class='ocrx_word' id='word_1_204' title='bbox 796 2967 924 3032; x_wconf 75' lang='grc' dir='ltr'><strong><em>δοκέων</em></strong></span> <span class='ocrx_word' id='word_1_205' title='bbox 954 2991 1011 3052; x_wconf 85' lang='grc' dir='ltr'><strong>μιν</strong></span> <span class='ocrx_word' id='word_1_206' title='bbox 1040 2967 1187 3053; x_wconf 65' lang='grc' dir='ltr'><strong><em>χρηίσειν</em></strong></span> <span class='ocrx_word' id='word_1_207' title='bbox 1219 2959 1237 3051; x_wconf 79' lang='grc' dir='ltr'>ἢ</span> <span class='ocrx_word' id='word_1_208' title='bbox 1266 2963 1305 3031; x_wconf 80' lang='grc' dir='ltr'><strong>τὸ</strong></span> 
     </span>
     <span class='ocr_line' id='line_1_27' title="bbox 168 3069 318 3158; baseline -0.007 -22"><span class='ocrx_word' id='word_1_209' title='bbox 168 3069 318 3158; x_wconf 57' lang='grc' dir='ltr'><strong>ἐδεήθη.</strong></span> 
     </span>
    </p>

    <p class='ocr_par' dir='ltr' id='par_1_8' title="bbox 180 3166 1306 3872">
     <span class='ocr_line' id='line_1_28' title="bbox 267 3166 1306 3258; baseline -0.002 -19"><span class='ocrx_word' id='word_1_210' title='bbox 267 3183 467 3258; x_wconf 84' lang='lat' dir='ltr'><strong>Interpositae</strong></span> <span class='ocrx_word' id='word_1_211' title='bbox 498 3185 567 3240; x_wconf 82' lang='lat' dir='ltr'><strong>suut</strong></span> <span class='ocrx_word' id='word_1_212' title='bbox 599 3200 658 3239; x_wconf 81' lang='lat' dir='ltr'><strong>una</strong></span> <span class='ocrx_word' id='word_1_213' title='bbox 687 3181 734 3238; x_wconf 92' lang='lat' dir='ltr'><strong>vel</strong></span> <span class='ocrx_word' id='word_1_214' title='bbox 757 3182 860 3256; x_wconf 88' lang='lat' dir='ltr'><strong>plures</strong></span> <span class='ocrx_word' id='word_1_215' title='bbox 885 3198 987 3239; x_wconf 84' lang='lat' dir='ltr'><strong>voees:</strong></span> <span class='ocrx_word' id='word_1_216' title='bbox 1023 3181 1198 3256; x_wconf 75' lang='lat' dir='ltr'>V,118,15</span> <span class='ocrx_word' id='word_1_217' title='bbox 1222 3166 1306 3258; x_wconf 69' lang='grc' dir='ltr'><strong>αὕτη</strong></span> 
     </span>
     <span class='ocr_line' id='line_1_29' title="bbox 180 3267 1306 3362; baseline -0.001 -21"><span class='ocrx_word' id='word_1_218' title='bbox 180 3279 241 3360; x_wconf 77' lang='grc' dir='ltr'><strong>μέν</strong></span> <span class='ocrx_word' id='word_1_219' title='bbox 262 3300 326 3341; x_wconf 87' lang='grc' dir='ltr'><strong>νον</strong></span> <span class='ocrx_word' id='word_1_220' title='bbox 350 3269 411 3341; x_wconf 73' lang='lat' dir='ltr'><strong>oder</strong></span> <span class='ocrx_word' id='word_1_221' title='bbox 436 3276 528 3340; x_wconf 74' lang='grc' dir='ltr'><strong><em>ἐνίκα</em></strong></span> <span class='ocrx_word' id='word_1_222' title='bbox 552 3271 571 3360; x_wconf 74' lang='grc' dir='ltr'><strong>λγ</strong></span> <span class='ocrx_word' id='word_1_223' title='bbox 595 3271 725 3362; x_wconf 73' lang='grc' dir='ltr'><strong><em>γνώμη,</em></strong></span> <span class='ocrx_word' id='word_1_224' title='bbox 750 3267 834 3340; x_wconf 85' lang='grc' dir='ltr'><strong><em>άλλά</em></strong></span> <span class='ocrx_word' id='word_1_225' title='bbox 857 3289 943 3341; x_wconf 79' lang='grc' dir='ltr'><strong><em>τοῖσι</em></strong></span> <span class='ocrx_word' id='word_1_226' title='bbox 966 3276 1111 3360; x_wconf 76' lang='grc' dir='ltr'><strong><em>Πέρσῃσι</em></strong></span> <span class='ocrx_word' id='word_1_227' title='bbox 1135 3267 1220 3340; x_wconf 82' lang='grc' dir='ltr'><strong><em>κατὰ</em></strong></span> <span class='ocrx_word' id='word_1_228' title='bbox 1242 3271 1306 3340; x_wconf 84' lang='grc' dir='ltr'><strong><em>νιύ-</em></strong></span> 
     </span>
     <span class='ocr_line' id='line_1_30' title="bbox 180 3370 1304 3463; baseline 0.001 -20"><span class='ocrx_word' id='word_1_229' title='bbox 180 3401 245 3443; x_wconf 82' lang='grc' dir='ltr'><strong>τοο</strong></span> <span class='ocrx_word' id='word_1_230' title='bbox 273 3380 425 3462; x_wconf 72' lang='grc' dir='ltr'><strong><em>γίνεσθαι</em></strong></span> <span class='ocrx_word' id='word_1_231' title='bbox 455 3375 516 3442; x_wconf 82' lang='grc' dir='ltr'><strong>τὸν</strong></span> <span class='ocrx_word' id='word_1_232' title='bbox 538 3379 736 3460; x_wconf 75' lang='grc' dir='ltr'><strong><em>Μαίανδρον</em></strong></span> <span class='ocrx_word' id='word_1_233' title='bbox 765 3381 899 3462; x_wconf 81' lang='grc' dir='ltr'><strong><em>μᾶλλον</em></strong></span> <span class='ocrx_word' id='word_1_234' title='bbox 930 3370 949 3463; x_wconf 74' lang='grc' dir='ltr'>ἢ</span> <span class='ocrx_word' id='word_1_235' title='bbox 973 3378 1072 3458; x_wconf 82' lang='grc' dir='ltr'><strong><em>σφίσι.</em></strong></span> <span class='ocrx_word' id='word_1_236' title='bbox 1120 3387 1304 3461; x_wconf 79' lang='lat' dir='ltr'>V11,46‚12</span> 
     </span>
     <span class='ocr_line' id='line_1_31' title="bbox 182 3470 1306 3566; baseline -0.002 -20"><span class='ocrx_word' id='word_1_237' title='bbox 182 3478 291 3558; x_wconf 65' lang='grc' dir='ltr'><strong><em>οὐδεὶς</em></strong></span> <span class='ocrx_word' id='word_1_238' title='bbox 315 3474 407 3545; x_wconf 73' lang='grc' dir='ltr'><strong><em>οὕτω</em></strong></span> <span class='ocrx_word' id='word_1_239' title='bbox 431 3475 617 3566; x_wconf 78' lang='grc' dir='ltr'><strong><em>άνθραιπος</em></strong></span> <span class='ocrx_word' id='word_1_240' title='bbox 639 3477 704 3545; x_wconf 78' lang='grc' dir='ltr'><strong><em>ἐνὸν</em></strong></span> <span class='ocrx_word' id='word_1_241' title='bbox 727 3471 895 3564; x_wconf 71' lang='grc' dir='ltr'><strong><em>ιάὸαίμιον</em></strong></span> <span class='ocrx_word' id='word_1_242' title='bbox 910 3476 1049 3562; x_wconf 67' lang='grc' dir='ltr'><strong><em>πέφυκε,</em></strong></span> <span class='ocrx_word' id='word_1_243' title='bbox 1072 3484 1120 3566; x_wconf 76' lang='grc' dir='ltr'><strong>τῷ</strong></span> <span class='ocrx_word' id='word_1_244' title='bbox 1144 3470 1186 3545; x_wconf 73' lang='lat' dir='ltr'><strong>ori</strong></span> <span class='ocrx_word' id='word_1_245' title='bbox 1201 3503 1306 3563; x_wconf 80' lang='grc' dir='ltr'><strong><em>καρα-</em></strong></span> 
     </span>
     <span class='ocr_line' id='line_1_32' title="bbox 181 3574 1306 3668; baseline -0.002 -22"><span class='ocrx_word' id='word_1_246' title='bbox 181 3580 334 3668; x_wconf 84' lang='grc' dir='ltr'><strong><em>στήσιται</em></strong></span> <span class='ocrx_word' id='word_1_247' title='bbox 357 3580 522 3659; x_wconf 82' lang='grc' dir='ltr'><strong><em>πολλάκις</em></strong></span> <span class='ocrx_word' id='word_1_248' title='bbox 545 3585 597 3648; x_wconf 80' lang='grc' dir='ltr'><strong>καὶ</strong></span> <span class='ocrx_word' id='word_1_249' title='bbox 624 3575 699 3648; x_wconf 78' lang='grc' dir='ltr'><strong><em>οὐκὶ</em></strong></span> <span class='ocrx_word' id='word_1_250' title='bbox 722 3574 811 3666; x_wconf 76' lang='grc' dir='ltr'><strong>ἅπαξ</strong></span> <span class='ocrx_word' id='word_1_251' title='bbox 833 3579 997 3648; x_wconf 65' lang='grc' dir='ltr'><strong><em>τεθνάναι</em></strong></span> <span class='ocrx_word' id='word_1_252' title='bbox 1021 3579 1204 3663; x_wconf 76' lang='grc' dir='ltr'><strong><em>βούλεσθαι</em></strong></span> <span class='ocrx_word' id='word_1_253' title='bbox 1225 3584 1306 3665; x_wconf 81' lang='grc' dir='ltr'><strong><em>μάλ-</em></strong></span> 
     </span>
     <span class='ocr_line' id='line_1_33' title="bbox 181 3677 1306 3771; baseline -0.002 -20"><span class='ocrx_word' id='word_1_254' title='bbox 181 3692 242 3751; x_wconf 89' lang='grc' dir='ltr'><strong>λον</strong></span> <span class='ocrx_word' id='word_1_255' title='bbox 273 3679 292 3771; x_wconf 75' lang='lat' dir='ltr'><strong>i)</strong></span> <span class='ocrx_word' id='word_1_256' title='bbox 316 3679 422 3766; x_wconf 70' lang='grc' dir='ltr'><strong><em>ζώειν.</em></strong></span> <span class='ocrx_word' id='word_1_257' title='bbox 470 3694 593 3770; x_wconf 69' lang='lat' dir='ltr'><strong>murs</strong></span> <span class='ocrx_word' id='word_1_258' title='bbox 625 3687 796 3752; x_wconf 76' lang='grc' dir='ltr'><strong><em>Λιοονίδια</em></strong></span> <span class='ocrx_word' id='word_1_259' title='bbox 889 3677 1086 3770; x_wconf 75' lang='grc' dir='ltr'><strong><em>ἀποπέμψαι</em></strong></span> <span class='ocrx_word' id='word_1_260' title='bbox 1116 3681 1196 3762; x_wconf 68' lang='grc' dir='ltr'><strong>τούς</strong></span> <span class='ocrx_word' id='word_1_261' title='bbox 1228 3701 1306 3767; x_wconf 86' lang='grc' dir='ltr'><strong><em>σομ-</em></strong></span> 
     </span>
     <span class='ocr_line' id='line_1_34' title="bbox 180 3781 1306 3872; baseline -0.001 -20"><span class='ocrx_word' id='word_1_262' title='bbox 180 3785 305 3872; x_wconf 85' lang='grc' dir='ltr'><strong><em>μάχονς</em></strong></span> <span class='ocrx_word' id='word_1_263' title='bbox 326 3791 454 3872; x_wconf 82' lang='grc' dir='ltr'><strong><em>μάλλον</em></strong></span> <span class='ocrx_word' id='word_1_264' title='bbox 476 3783 498 3872; x_wconf 81' lang='grc' dir='ltr'>ἥ</span> <span class='ocrx_word' id='word_1_265' title='bbox 521 3785 634 3872; x_wconf 78' lang='grc' dir='ltr'><strong><em>γνώμγγ</em></strong></span> <span class='ocrx_word' id='word_1_266' title='bbox 659 3785 900 3871; x_wconf 53' lang='lat' dir='ltr'><strong>unusquisqne</strong></span> <span class='ocrx_word' id='word_1_267' title='bbox 928 3782 1020 3853; x_wconf 77' lang='grc' dir='ltr'><strong><em>οὕτω</em></strong></span> <span class='ocrx_word' id='word_1_268' title='bbox 1045 3781 1200 3871; x_wconf 80' lang='grc' dir='ltr'><strong><em>ἀκόσμως</em></strong></span> <span class='ocrx_word' id='word_1_269' title='bbox 1224 3787 1306 3870; x_wconf 76' lang='grc' dir='ltr'><strong><em>οἴχε-</em></strong></span> 
     </span>
    </p>
   </div>
   <div class='ocr_carea' id='block_1_2' title="bbox 180 3957 1306 4284">
    <p class='ocr_par' dir='ltr' id='par_1_9' title="bbox 180 3957 1306 4284">
     <span class='ocr_line' id='line_1_35' title="bbox 265 3957 1306 4026; baseline -0.001 -16"><span class='ocrx_word' id='word_1_270' title='bbox 265 3961 299 4023; x_wconf 69' lang='grc'><strong>28)</strong></span> <span class='ocrx_word' id='word_1_271' title='bbox 326 3958 496 4025; x_wconf 81' lang='lat' dir='ltr'><strong>Quemquam</strong></span> <span class='ocrx_word' id='word_1_272' title='bbox 532 3965 663 4012; x_wconf 85' lang='lat' dir='ltr'><strong>monente</strong></span> <span class='ocrx_word' id='word_1_273' title='bbox 691 3957 944 4026; x_wconf 71' lang='lat' dir='ltr'><strong>Sehrveighdusero</strong></span> <span class='ocrx_word' id='word_1_274' title='bbox 977 3957 1076 4025; x_wconf 86' lang='lat' dir='ltr'><strong>reliqui</strong></span> <span class='ocrx_word' id='word_1_275' title='bbox 1105 3957 1227 4011; x_wconf 84' lang='lat' dir='ltr'><strong>editores</strong></span> <span class='ocrx_word' id='word_1_276' title='bbox 1254 3971 1306 4024; x_wconf 87' lang='lat' dir='ltr'><strong>pro</strong></span> 
     </span>
     <span class='ocr_line' id='line_1_36' title="bbox 181 4039 1306 4112; baseline -0.002 -16"><span class='ocrx_word' id='word_1_277' title='bbox 181 4039 321 4112; x_wconf 43' lang='lat' dir='ltr'><strong>‘odoror&#39;</strong></span> <span class='ocrx_word' id='word_1_278' title='bbox 342 4039 465 4111; x_wconf 71' lang='grc' dir='ltr'><strong>ιπάνταΙ</strong></span> <span class='ocrx_word' id='word_1_279' title='bbox 486 4044 514 4096; x_wconf 89' lang='lat' dir='ltr'><strong>in</strong></span> <span class='ocrx_word' id='word_1_280' title='bbox 534 4051 641 4098; x_wconf 87' lang='lat' dir='ltr'><strong>textum</strong></span> <span class='ocrx_word' id='word_1_281' title='bbox 661 4049 834 4112; x_wconf 81' lang='lat' dir='ltr'><strong>receperunt,</strong></span> <span class='ocrx_word' id='word_1_282' title='bbox 853 4049 946 4097; x_wconf 83' lang='lat' dir='ltr'><strong>temen</strong></span> <span class='ocrx_word' id='word_1_283' title='bbox 965 4043 1094 4112; x_wconf 89' lang='lat' dir='ltr'><strong>equidem</strong></span> <span class='ocrx_word' id='word_1_284' title='bbox 1107 4041 1244 4096; x_wconf 86' lang='lat' dir='ltr'><strong>Steinium</strong></span> <span class='ocrx_word' id='word_1_285' title='bbox 1264 4055 1306 4094; x_wconf 88' lang='lat' dir='ltr'><strong>se·</strong></span> 
     </span>
     <span class='ocr_line' id='line_1_37' title="bbox 180 4125 1305 4197; baseline -0.005 -13"><span class='ocrx_word' id='word_1_286' title='bbox 180 4135 263 4184; x_wconf 85' lang='lat' dir='ltr'><strong>entus</strong></span> <span class='ocrx_word' id='word_1_287' title='bbox 287 4128 412 4183; x_wconf 81' lang='lat' dir='ltr'><strong>codicum</strong></span> <span class='ocrx_word' id='word_1_288' title='bbox 437 4129 603 4197; x_wconf 81' lang='lat' dir='ltr'><strong>optimorum</strong></span> <span class='ocrx_word' id='word_1_289' title='bbox 627 4128 774 4183; x_wconf 83' lang='lat' dir='ltr'><strong>lectionem</strong></span> <span class='ocrx_word' id='word_1_290' title='bbox 799 4127 972 4184; x_wconf 81' lang='lat' dir='ltr'><strong>retinendam</strong></span> <span class='ocrx_word' id='word_1_291' title='bbox 997 4142 1112 4194; x_wconf 82' lang='lat' dir='ltr'><strong>censeo,</strong></span> <span class='ocrx_word' id='word_1_292' title='bbox 1141 4125 1305 4195; x_wconf 82' lang='lat' dir='ltr'><strong>praesertim</strong></span> 
     </span>
     <span class='ocr_line' id='line_1_38' title="bbox 181 4205 1147 4284; baseline -0.006 -14"><span class='ocrx_word' id='word_1_293' title='bbox 181 4229 242 4270; x_wconf 87' lang='lat' dir='ltr'><strong>enm</strong></span> <span class='ocrx_word' id='word_1_294' title='bbox 261 4213 325 4269; x_wconf 84' lang='lat' dir='ltr'><strong>adv.</strong></span> <span class='ocrx_word' id='word_1_295' title='bbox 344 4209 461 4277; x_wconf 82' lang='grc' dir='ltr'><strong><em>πάντως</em></strong></span> <span class='ocrx_word' id='word_1_296' title='bbox 479 4214 586 4282; x_wconf 84' lang='lat' dir='ltr'><strong>optime</strong></span> <span class='ocrx_word' id='word_1_297' title='bbox 604 4213 734 4282; x_wconf 88' lang='lat' dir='ltr'><strong>sequenti</strong></span> <span class='ocrx_word' id='word_1_298' title='bbox 752 4205 800 4282; x_wconf 64' lang='grc' dir='ltr'><strong>ιδι’</strong></span> <span class='ocrx_word' id='word_1_299' title='bbox 819 4205 949 4284; x_wconf 74' lang='grc' dir='ltr'><strong><em>ἡσυχίας’</em></strong></span> <span class='ocrx_word' id='word_1_300' title='bbox 969 4211 1147 4279; x_wconf 77' lang='lat' dir='ltr'><strong>respondeat.</strong></span> 
     </span>
    </p>
   </div>
   <div class='ocr_carea' id='block_1_3' title="bbox 0 0 1556 4860">
    <p class='ocr_par' dir='ltr' id='par_1_10' title="bbox 0 0 1556 4860">
     <span class='ocr_line' id='line_1_39' title="bbox 0 0 1556 4860; baseline 0 1"><span class='ocrx_word' id='word_1_301' title='bbox 0 0 1556 4860; x_wconf 95' lang='lat' dir='ltr'><strong> </strong></span> 
     </span>
    </p>
   </div>
  </div>
 </body>
</html>
