3104 4860
1260 295 1299 353 19

263 459 322 521 Sed
338 460 448 520 similes
464 461 545 520 loooe
560 459 774 536 Thucydideos
790 460 1038 537 perspicientibus
1054 461 1139 520 nobis
1159 480 1298 540 magnum

176 566 253 623 inter
285 564 365 622 illius
395 568 425 622 et
447 564 550 623 Nostri
586 581 668 623 usum
698 561 885 622 intercedere
914 563 1072 624 discrimen
1108 563 1297 623 statuendum

177 672 228 726 est.
273 667 403 725 Primum
435 667 513 724 enim
536 665 708 725 Herodotus
732 666 932 740 genitivorum
956 667 1165 742 pronominum
1189 655 1300 743 ἕτερος
1376 664 1378 668 ’

177 773 206 828 et
229 754 340 839 ἄλλος,
363 769 414 843 qni
439 767 518 844 apud
541 766 750 843 Thucydidem
773 768 983 827 inveniuntur:
1008 758 1150 845 ἑτέρων,
1174 757 1299 845 ἑτέρου,

178 857 303 942 ἄλλων,
334 867 404 927 τῶν
426 858 540 928 ἄλλων
563 901 604 910 —-
628 872 706 928 hunc
736 874 868 947 tantum,
899 889 987 946 quem
1019 871 1123 931 ultimo
1152 873 1218 931 loeo
1248 889 1300 943 no-

177 975 362 1042 minavimus,
386 974 545 1050 aliquoties
568 972 710 1049 adhibuit,
737 980 798 1032 tum
819 991 891 1032 vero
906 973 986 1051 apud
1003 967 1191 1034 Herodotum
1205 974 1300 1034 tribus

178 1076 251 1135 locis
285 1079 382 1134 exstat
414 1075 510 1135 forma
543 1071 617 1154 ,τοῦ
649 1065 785 1153 icabod,
816 1093 905 1151 qnam
940 1078 970 1135 in
1000 1076 1186 1152 Thucydidis
1219 1078 1300 1137 libris

174 1177 289 1238 ‘frustra
311 1178 503 1253 quaesiveris.
554 1179 593 1237 Et
620 1180 662 1237 sic
690 1176 810 1254 quidem
833 1174 897 1235 τοῦ
920 1169 1035 1256 ἑτέρου
1058 1197 1123 1239 cum
1148 1198 1301 1257 compara-

177 1281 237 1341 tivo
261 1282 452 1340 coniunctum
476 1286 646 1357 usurpatur,
670 1285 703 1340 ut
718 1281 835 1340 duobus
851 1280 924 1340 locis
939 1282 1089 1358 genitivus
1105 1278 1168 1340 τοῦ
1183 1272 1300 1361 ἑτέρου

178 1384 264 1442 alteri
280 1384 472 1458 praecedenti
490 1372 602 1461 ἕτερος
619 1383 799 1459 respoudeat
821 1414 863 1422 —
887 1385 907 1454 1,
925 1386 974 1462 98,
992 1388 1029 1445 16
1054 1366 1072 1440 δ
1096 1373 1209 1463 ἕτερος
1234 1380 1298 1443 τοῦ
1346 1455 1347 1458 ¹

178 1475 293 1562 ἑτέρου
309 1475 433 1555 κύκλος
508 1473 726 1564 ὑψηλόῒερος.
766 1486 803 1559 ΙΙ,
821 1490 892 1562 141,
910 1490 947 1546 12
970 1479 1076 1544 πλέον
1096 1504 1128 1544 τι
1144 1481 1301 1567 δίζησθαι

179 1578 263 1664 ἔχειν
293 1579 355 1646 τὸν
387 1578 502 1666 (ἕτερον
534 1583 595 1645 τοῦ
627 1578 744 1666 ἑτέρου
774 1586 973 1663 (sim.l,181‚
991 1585 1022 1658 3)
1046 1621 1085 1628 —
1109 1591 1196 1650 tertio
1220 1590 1300 1649 haud

178 1691 219 1748 ita
243 1690 364 1750 multum
389 1691 427 1750 ab
451 1691 509 1750 illis
532 1691 713 1750 abhorrente
736 1692 800 1750 loco
823 1686 886 1748 τοῦ
909 1680 1025 1769 ἑτέρου
1040 1692 1104 1750 sine
1121 1693 1300 1752 correlative

178 1793 311 1867 tegatur:
340 1793 390 1863 IV,
413 1799 440 1864 2,
463 1799 500 1853 13
531 1784 569 1851 τὸ
600 1787 660 1870 μὲν
689 1777 793 1850 αὐτοῦ
820 1782 1041 1870 ἐπιστάμενον
1070 1778 1301 1872 απαρύοαοτες

177 1882 332 1972 pysinum
365 1884 449 1953 eirca
481 1885 697 1973 τιμιώτερον,
733 1885 772 1952 τὸ
803 1881 1121 1972 δ’ὑπιοτάμενον
1102 1909 1209 1976 ησσον
1237 1894 1301 1955 τοῦ

178 1986 302 2074 ἑτέρου.

263 2102 296 2158 ln
329 2101 504 2178 usurpando
532 2102 663 2177 genitivo
693 2098 771 2158 τῶν
795 2089 928 2159 ἄλλων
951 2102 1075 2162 eandem
1100 2105 1157 2161 vim
1181 2103 1227 2162 his
1250 2122 1301 2162 vo-

177 2203 252 2262 culis
283 2205 378 2263 inesse
409 2223 498 2281 qnam
531 2203 610 2280 apud
641 2203 847 2281 Thucydidem
879 2203 966 2264 facile
1006 2205 1205 2282 intellegitur:
1242 2225 1302 2266 una

177 2307 253 2364 enim
282 2325 330 2365 res
354 2306 400 2364 vel
428 2324 558 2381 persona
588 2326 625 2365 ex
649 2306 749 2382 aliquo
773 2307 897 2366 aliarum
922 2326 1046 2367 numero
1070 2308 1119 2368 vei
1142 2310 1229 2385 copia
1251 2327 1302 2369 ex·

178 2413 266 2484 copta
295 2408 403 2467 ceteris
434 2408 653 2484 quodammodo
685 2411 855 2485 opponitur.
900 2411 937 2484 li,
959 2413 985 2479 2,
1010 2413 1028 2470 5
1053 2404 1226 2485 νομίζουσι
1249 2411 1301 2480 (s'c.

178 2500 369 2587 Αἰγύπτιοι)
404 2500 534 2587 Φρύγας
564 2504 751 2588 προτέρους
783 2504 938 2587 γενέσθαι
968 2501 1123 2582 ἑωυτῶν,
1166 2507 1238 2570 τῶν
1266 2508 1302 2571 δὲ

178 2600 295 2670 ἄλλων
318 2601 473 2682 ἑωυτούς.
526 2614 742 2688 Aegyptiorum
767 2614 898 2691 populus
919 2614 1011 2688 igitur
1034 2616 1141 2674 ceteris
1165 2616 1302 2676 omnibus

178 2721 299 2791 praeter
315 2717 454 2792 Phryges
470 2716 593 2790 originis
608 2717 786 2792 antiquitate
803 2720 959 2792 praestare
976 2716 1093 2775 dicitur.
1138 2716 1197 2776 oh.
1213 2718 1300 2777 etiam

179 2819 217 2896 11,
230 2823 297 2890 119,
313 2824 350 2878 11
368 2823 397 2877 et
414 2819 619 2896 1111111113.
645 2815 714 2877 sim.
731 2820 753 2894 1,
766 2823 833 2896 146,
851 2824 877 2878 3.
903 2823 972 2896 141,
988 2823 1016 2878 e.
1039 2821 1076 2896 n,
1087 2822 1137 2896 48,
1149 2824 1177 2879 e.
1202 2825 1301 2892 11111
1333 2849 1335 2853 ·

178 2923 226 2980 11111
251 2940 423 2998 protheum
448 2923 636 2980 substantivo
660 2922 760 2997 aliquo
784 2922 973 2981 coniunctum
999 2926 1050 2982 est.
1073 2953 1115 2961 -

264 3025 404 3101 Sequitur
427 3029 460 3082 ut
482 3024 517 3082 de
540 3025 576 3082 iis
599 3025 670 3082 locis
693 3042 790 3100 pauca
813 3023 1006 3098 disseramus,
1037 3025 1148 3100 quibus
1169 3025 1302 3085 reflexivi

179 3123 363 3203 pronominis
396 3127 547 3202 genitivus
581 3125 617 3184 ad
653 3127 729 3185 idern
765 3124 846 3202 quod
882 3127 1104 3202 comparativus
1135 3127 1301 3187 subiectum

179 3234 303 3306 spectat.
348 3230 421 3288 Loci
445 3235 514 3288 sunt
538 3229 584 3286 hi:
607 3230 642 3298 11,
660 3233 709 3305 25,
726 3234 764 3288 21
790 3216 808 3285 d
826 3220 860 3286 δὲ
876 3227 1018 3298 Νεῖλος.
1035 3275 1040 3285 .
1056 3225 1183 3305 μοῦνος
1199 3246 1302 3288 ποτα-

176 3328 251 3408 μῶν
272 3329 398 3390 τοῦτον
421 3322 483 3390 τὸν
504 3321 630 3408 χρόνον
654 3321 797 3401 οἰκότως
816 3315 922 3401 αὐτὸς
945 3322 1076 3388 ἑωυτοῦ
1100 3322 1165 3409 ῥέει
1184 3329 1303 3410 πολλῷ

180 3422 419 3510 ὑποδεέστερος
445 3421 465 3514 ἢ
494 3432 557 3492 τοῦ
582 3429 707 3511 θέρεος.
756 3436 925 3510 11118118
949 3428 1060 3492 καίτοι
1083 3419 1166 3514 ἦσάν
1188 3451 1224 3513 γε
1248 3429 1303 3492 καὶ

178 3528 333 3614 e'ya'vorro
354 3527 563 3616 secreverit·
582 3525 707 3613 ἡμέρην
726 3533 843 3614 μακρῷ
864 3522 1037 3613 ἀμείνονες
1052 3521 1150 3595 αὐτοὶ
1166 3526 1304 3595 ἑωυτῶν

177 3625 465 3716 ἢκρ1δς1λδβο1ῃ.
499 3670 541 3678 -
574 3639 794 3715 V111,137‚12
823 3633 842 3696 d
866 3624 966 3715 ἄρτος
996 3635 1059 3697 τοῦ
1089 3630 1209 3710 παιδὸς
1241 3636 1304 3697 τοῦ

177 3728 283 3820 θητὸς
306 3738 368 3799 τοῦ
393 3735 587 3817 Περδίκκου
611 3731 784 3818 διπλήσιος
808 3734 935 3819 ἐγίνετο
959 3727 1062 3812 αὐτὸς
1085 3733 1223 3802 ἑωυτοῦ.

263 3844 381 3918 Optime
412 3843 449 3903 de
481 3844 536 3902 hac
565 3845 682 3902 dicendi
706 3845 822 3902 ratione
845 3844 1046 3903 Preibischius
1070 3841 1179 3920 (1126)
1203 3845 1303 3921 dispu-

177 3946 289 4004 tavisse
312 3946 381 4004 mihi
404 3945 533 4023 videtur,
555 3946 746 4023 quamobrem
770 3946 889 4005 huius
882 3947 976 4022 ipsius
999 3948 1090 4006 verba
1111 3947 1218 4006 afferre
1234 3947 1305 4004 mihi

177 4049 273 4109 liceat.
313 4048 398 4155 Dicit
385 4053 527 4126 tantem,
549 4046 1018 4126 postquamgrammaticoruffl)
1043 4048 1152 4107 dehac
1173 4047 1304 4108 dictione
1404 4128 1407 4131 ,

262 4192 1305 4263 1)ΙΙο11111111311119,1111111ς1ς1ξ451.11111311618111.

178 4285 218 4350 ru,
228 4287 290 4334 ha
261 4283 290 4349 (a
303 4295 358 4354 quo
370 4281 559 4333 Kiihnerus
577 4295 618 4348 gr.
632 4295 671 4350 gr.
692 4283 707 4345 s
722 4283 780 4346 511
791 4285 806 4332 11
826 4295 881 4332 non
894 4278 965 4331 mult
953 4281 1011 4331 tum
1025 4278 1137 4332 diverse
1150 4277 1306 4346 disseruit).

1061 4363 1098 4418 2*
