3104 4860
259 274 301 330 48

344 435 479 517 μακρῷ
503 457 569 497 eum
587 457 681 515 eomp.
697 441 888 499 coniunctum
913 459 972 499 uno
988 441 1054 500 loeo
1070 445 1182 501 exstat:
1207 443 1285 518 vill,
1301 447 1352 518 86,
1366 447 1390 504 8

258 539 377 619 μακρῷ
400 525 570 617 άμεὶνονες
593 525 688 598 αὐτοὶ
712 531 861 600 ἑωυτῶν.
884 573 927 582 -

346 650 403 718 ἔτι
426 679 480 736 per
503 677 535 718 ee
558 661 685 736 positum
710 662 902 736 comparativi
925 663 983 720 vim
1007 667 1109 738 augei:

345 765 368 836 1,
384 767 467 838 65,7
491 752 531 819 τό
555 755 590 819 δέ
613 753 661 820 έτι
684 751 853 839 πρότερον
874 753 1019 820 τούτων.
1066 765 1100 834 ΙΙ,
1118 769 1201 840 61,7
1224 756 1389 844 τοσούτῳ

259 856 309 922 έτι
331 858 423 922 πλέω
445 861 574 921 ποιεῦσι
595 853 740 921 τούτων.
788 868 857 940 149,
873 869 891 924 2
907 862 1029 943 θωῦμα
1045 856 1068 922 ἔ.
1084 860 1196 943 μέζον.
1240 870 1290 945 IV,
1302 873 1387 946 35,5

260 958 309 1024 ἐ’τι
337 951 506 1043 πρότερον
523 953 701 1043 Ὑπερόχης
722 984 759 1024 τε
789 961 845 1024 καὶ
868 962 1043 1046 Λαοδίκης.
1089 973 1194 1043 62,14
1218 960 1265 1027 ἔτι
1287 963 1387 1028 πλέω

258 1054 394 1128 θόουοι.
442 1070 473 1138 V,
488 1071 556 1138 118,
571 1073 609 1128 14
632 1059 680 1125 ἔτι
703 1053 874 1144 άμεένονες
894 1066 955 1146 τῆς
976 1059 1106 1144 φόοιος.
1154 1072 1200 1146 VI,
1216 1076 1265 1149 33,
1279 1077 1316 1134 17
1334 1062 1388 1130 ἔτι

259 1161 427 1249 πρότερον
447 1167 511 1228 τοῦ
537 1165 708 1228 Φοινίκων
730 1160 885 1229 εὀπλόου.
931 1173 996 1243 Vll,
1013 1177 1117 1248 106,6
1142 1165 1193 1254 {ee
1213 1165 1388 1252 πρότερον

258 1263 384 1352 ταύτης
404 1270 465 1349 τῆς
487 1265 628 1343 ἐλάσιος.
674 1274 755 1347 ΙΙΙΙΙ,
770 1279 819 1348 37,
837 1277 855 1334 9
878 1263 926 1330 ἔτι
948 1268 1072 1350 μέζονα
1099 1273 1162 1333 τοῦ
1184 1270 1267 1353 πρὶν
1289 1293 1386 1353 γενο-

258 1370 364 1454 μένου
391 1369 511 1451 τέρεος.
558 1376 607 1450 ΙΧ,
622 1379 672 1449 41,
689 1379 729 1434 24
752 1365 800 1432 ἔτι
829 1372 979 1446 πλεῦνας
1004 1373 1076 1433 τῶν
1105 1372 1384 1455 συλλελεγμένων.

262 1481 386 1551 107,19
411 1461 511 1535 οὐδὲν
533 1468 582 1534 ἔτι
603 1470 710 1534 πλέον
732 1469 863 1556 ἐγένετο
887 1466 1030 1536 τούτων.
1078 1484 1183 1556 121,4
1205 1482 1268 1539 eim.

344 1600 429 1656 iuter
452 1599 685 1674 comparativum
710 1604 740 1656 et
769 1603 971 1674 comparatum
1002 1599 1161 1658 membrum
1194 1604 1291 1658 exstat
1318 1590 1385 1658 ἔτιι

260 1700 298 1775 ΙΙ,
316 1702 418 1775 18,19
442 1692 548 1756 πλέον
578 1689 626 1755 ἔτι
657 1688 790 1757 τούτου.
849 1704 931 1776 75,6
955 1690 1130 1770 ἐλάσσονες
1161 1691 1208 1758 ἔτι
1239 1691 1383 1759 τούτων.

259 1802 311 1877 ΙΙΙ,
326 1805 410 1878 83,4
435 1785 577 1877 ὕστερον
599 1792 649 1858 έτι
671 1791 815 1858 τούτων.
842 1832 884 1841 -
912 1803 1053 1862 Extremo
1083 1804 1149 1861 loeo
1179 1805 1306 1880 pesitum
1337 1813 1385 1863 eet

258 1895 321 1962 έτιτ
346 1905 380 1979 V,
394 1907 479 1979 54,4
501 1892 541 1960 τό
565 1887 802 1981 ἀτρεκέστερον
824 1892 959 1961 τούτων
981 1895 1040 1962 ἔτι.
1064 1935 1105 1943 —·

344 2024 483 2098 Quinque
507 2023 579 2081 loeis
602 2022 732 2098 denique
749 2021 929 2098 eomparata
952 2041 1000 2082 ree
1021 2024 1101 2084 iutra
1123 2015 1172 2081 ἔτι
1194 2026 1293 2100 priore
1316 2026 1383 2086 loeo

257 2126 387 2202 positum
426 2130 456 2184 ei
492 2125 726 2200 comparativum
756 2127 905 2184 eoiiueatu
934 2129 996 2184 est:
1028 2127 1186 2200 11,145‚9
1221 2122 1307 2184 Πανὶ
1347 2122 1383 2186 όὲ

259 2218 306 2285 έτι
336 2217 473 2285 τούτων
503 2222 632 2284 πλέονα
663 2227 716 2297 (ee.
737 2217 823 2298 ἔτεα)
855 2221 981 2304 λέγεται
1006 2216 1100 2285 εἶναι.
1145 2229 1196 2300 ΙΙΙ,
1212 2233 1262 2306 95,
1279 2234 1319 2290 10
1342 2222 1383 2288 τό

259 2315 288 2386 δ’
305 2321 351 2387 ἔτι
374 2318 509 2386 τούτων
533 2318 683 2386 ἔλασσον.
731 2334 830 2401 111,1
857 2319 904 2387 ’έτι
926 2319 1061 2387 τούτων
1083 2321 1383 2409 θαυμαστότερον.

264 2436 364 2502 112,2
382 2422 430 2488 ἔτι
445 2420 578 2488 τούτων
594 2420 890 2509 θαυμασιώτερον.
939 2434 971 2508 i',
986 2436 1036 2506 87,
1054 2437 1093 2492 14
1116 2424 1162 2492 ἔτι
1178 2431 1241 2492 τοῦ
1254 2423 1386 2504 πάθεος

259 2521 450 2611 δεινότερόν
471 2552 512 2591 τι.
537 2565 578 2572 -

344 2650 409 2712 καλΙ
425 2655 502 2713 idem
519 2653 581 2712 fere
605 2653 776 2730 significans
798 2659 889 2730 atque
905 2645 952 2712 ἔτι
967 2649 1071 2714 ‘noch’
1088 2656 1214 2732 iegitur:
1230 2657 1268 2731 11,
1278 2662 1329 2734 43,
1344 2661 1384 2717 18

258 2740 342 2815 ὥστε
367 2741 502 2814 τούτων
524 2742 566 2812 άν
588 2749 642 2812 καὶ
666 2753 796 2831 μᾶλλον
818 2753 888 2813 τῶν
908 2754 1001 2814 θεῶν
1016 2749 1059 2814 τά
1081 2741 1255 2834 οὐνόματα
1276 2750 1384 2834 ἐξεπι-

258 2853 377 2916 στέατο
395 2847 571 2935 Αἰγύπτιοι
597 2844 615 2935 ἢ
630 2855 692 2916 τοῦ
711 2847 919 2935 Ἡρακλέους.
957 2860 1027 2920 Sim.
1047 2865 1151 2937 1044.
1186 2863 1330 2937 v11,102,
1344 2867 1383 2923 17

258 2949 302 3039 ἦν
325 2978 362 3018 τε·
385 2955 442 3018 καὶ
465 2958 614 3030 πλείνες.
638 2993 680 2998 -

345 3063 437 3123 Simili
460 3065 574 3122 ratione
598 3058 634 3120 τί
658 3062 842 3124 indefinitum
867 3065 904 3122 ad
928 3068 1121 3141 comparativi
1138 3067 1197 3125 vim
1214 3067 1384 3142 augendam

260 3171 422 3242 usurpetur
444 3190 485 3211 =
506 3150 623 3242 κάρτα,
647 3184 710 3242 gau,
734 3168 802 3224 selu·
825 3166 874 3238 (ef.
900 3166 982 3227 Steiu
1006 3168 1044 3227 ud
1069 3171 1103 3246 V,
1120 3173 1168 3246 33,
1183 3166 1226 3240 9).

345 3286 503 3345 Praecedit
519 3287 767 3362 comparativum:
791 3289 814 3362 Ι,
828 3291 932 3362 146,3
956 3274 1003 3357 ὥς
1024 3283 1061 3365 γέ
1083 3306 1113 3346 τι
1138 3286 1269 3365 μᾶλλον
1285 3273 1383 3348 οὗτοι

254 3377 360 3458 Ἴωνές
391 3382 450 3446 εἰσι
482 3385 553 3445 τῶν
584 3377 709 3446 άλλοον.
755 3383 1016 3466 11,3ν,15ε1’τι
1041 3384 1148 3448 πλέον
1178 3384 1283 3450 λόόιεν
1312 3389 1385 3450 τῶν

258 3480 301 3547 τά
322 3481 517 3567 μακρότατα
540 3483 715 3566 ἰδομένων.

345 3610 469 3685 Saepius
497 3615 594 3668 autem
625 3615 693 3686 post
722 3629 818 3685 comp.
840 3613 966 3685 pesitum
991 3617 1105 3672 exstat:
1137 3614 1279 3688 1‚14u,5
1301 3609 1384 3689 μᾶλ-

261 3697 324 3770 λόν
353 3730 384 3769 τι
414 3710 485 3769 τῶν
510 3699 622 3769 άλλτον
649 3695 776 3773 Ἰώνων.
840 3718 943 3790 158,8
966 3697 1012 3783 ὡς
1035 3708 1071 3772 δὲ
1094 3710 1150 3772 καὶ
1172 3705 1238 3792 ε’γτό
1262 3709 1384 3774 Λυδῶν

260 3804 403 3890 τὸνμὲν
426 3807 532 3871 πλέον
556 3831 588 3870 τι
611 3801 631 3891 ἢ
654 3808 782 3892 πατέρα
806 3804 904 3873 ἐόντα
932 3809 967 3873 οὲ
991 3803 1104 3888 λαβὼν
1128 3803 1209 3894 άγω.
1259 3823 1382 3896 174,17

259 3913 391 3992 μᾶλλον
423 3906 485 3993 γάρ
522 3933 554 3972 τι
585 3911 640 3973 καὶ
669 3906 845 3994 θειότερον
870 3963 972 3975 .....
996 3916 1058 3977 τοῦ
1085 3909 1227 3990 οἰκότος.
1275 3924 1384 3992 2048

260 4004 299 4075 τό
323 4013 453 4076 όοκέειν
468 4013 575 4076 πλέον
590 4037 621 4076 τι
645 4008 729 4076 εἶναι
754 4005 952 4097 άνθρτόπου.
998 4023 1033 4091 ΙΙ,
1050 4026 1099 4092 90,
1115 4025 1134 4083 8
1156 4007 1213 4078 άτε
1227 4017 1335 4082 πλέον
1350 4041 1382 4080 τε

259 4108 279 4197 ἢ
312 4105 500 4198 άνθρώπου
533 4107 655 4198 νεκρὸν
684 4112 973 4198 χειραπτάζοντες.
1026 4129 1150 4194 121115
1173 4115 1385 4202 βουλόμενον

259 4211 498 4301 περισσότερόν
521 4242 553 4279 τι
581 4221 651 4282 τῶν
675 4211 788 4282 άλλων
813 4215 922 4300 θάψαι
945 4217 1007 4303 τήν
1031 4219 1210 4304 θυγατέρα.
1258 4233 1381 4303 147,11
