3104 4860
251 258 293 316 34

243 425 317 500 illud
348 443 443 501 genus
466 424 594 500 dicendi,
617 424 665 484 ubi
691 411 710 502 ἢ
734 409 786 483 δτι
810 443 876 483 crum
901 426 993 485 verbo
1018 424 1067 484 fin.
1089 425 1283 512 praecellenti
1306 411 1372 485 οὐκ

243 515 325 586 ἄλλο
358 512 470 606 (πλήν,
502 521 617 604 χωρίς)
648 527 795 586 acriorum
826 533 888 603 cst,
925 532 1015 604 atque
1051 545 1134 586 usum
1167 529 1371 588 llerodoteum

244 629 366 688 membri
399 630 564 705 comparati
593 647 646 705 per
668 617 690 707 η’
713 647 778 688 oum
803 631 956 688 enuntiato
979 631 1106 689 relativo
1136 631 1234 690 effecti
1257 631 1371 707 aliquid

242 732 414 806 discrepare
436 732 474 789 eb
497 731 584 791 illius.
609 762 651 770 -

332 834 423 892 Nunc
446 833 483 892 ad
507 833 629 892 alterum
654 837 767 910 purtem
793 833 882 893 huius
905 834 1009 911 cupitis
1032 838 1228 894 transeamus.

317 1017 348 1081 Β.
395 1017 436 1081 lle
467 1016 738 1099 comparativorum
768 1031 834 1119 oum
865 1007 885 1100 ἦ
915 1017 1140 1086 coniunctorum
1171 977 1298 1085 dirersis

724 1118 898 1186 rationibus.

331 1241 403 1302 Cum
427 1231 684 1319 supervacaneum
708 1242 847 1301 rideatur
871 1260 935 1302 esse
960 1243 1007 1301 hic
1031 1261 1133 1304 omnes
1150 1246 1369 1321 comparativus

242 1363 427 1422 enumerare,
450 1346 500 1420 qul
526 1346 653 1421 singulis
676 1346 748 1404 locis
771 1346 980 1421 inveniuntur,
1015 1346 1051 1405 de
1074 1347 1110 1404 iis
1132 1351 1246 1407 tentum
1270 1366 1368 1425 pauca

241 1447 432 1524 disseramus,
456 1447 507 1522 qui
530 1449 667 1524 quemvis
690 1449 811 1525 proprie
836 1449 1031 1524 comparativi
1055 1450 1200 1508 nominari
1221 1469 1280 1510 non
1300 1469 1367 1527 pos·

241 1551 308 1624 sint,
331 1553 431 1609 tomen
456 1550 580 1609 similem
606 1551 800 1627 comparativi
824 1551 883 1610 vim
907 1556 937 1610 et
958 1555 1093 1610 naturam
1119 1551 1266 1613 exhibent.

794 1710 821 1765 1.

326 1805 360 1879 α)
395 1808 438 1868 Ac
469 1808 597 1884 primum
628 1811 791 1866 tractemus
814 1826 864 1868 eos
888 1808 985 1884 locos,
1015 1795 1064 1867 ubi
1094 1793 1226 1880 ἄλλος,
1252 1796 1367 1880 torm

243 1895 392 1968 ἄλλοθι
414 1940 456 1948 -
478 1895 498 1987 ἥ
523 1910 657 1986 legimus.

326 2015 427 2090 Atque
452 2005 524 2073 boec
541 2012 660 2072 (licendi
676 2015 760 2090 ratio,
783 2030 861 2089 quae
883 2031 1034 2089 nunquam
1050 2013 1107 2072 nisi
1124 2031 1190 2072 cum
1208 2014 1366 2089 negatione

241 2115 403 2176 coniuncto
425 2119 598 2193 usurpetur,
620 2116 662 2174 sic
685 2115 749 2175 lere
764 2115 959 2190 intelligendu
975 2120 1028 2190 est,
1052 2119 1085 2174 ut
1107 2115 1144 2175 de
1168 2134 1229 2174 uua
1249 2119 1364 2174 tautum

240 2235 274 2276 rc
306 2218 354 2276 vel
384 2235 515 2295 persona
547 2217 751 2294 compluribus
780 2217 846 2276 aliis
878 2217 1014 2293 cogitatis
1047 2217 1183 2294 opposite
1206 2219 1255 2293 agi
1277 2235 1365 2294 posse

239 2319 365 2379 dicutur.

329 2425 388 2482 lam
413 2424 551 2499 exemplu
575 2423 640 2499 ipsu
664 2440 934 2482 commemoremus.
978 2407 1097 2490 ἄλλος
1119 2408 1139 2500 ἥ
1163 2439 1228 2480 cum
1253 2425 1364 2498 neget:

239 2525 358 2602 111,37,
377 2529 415 2586 10
439 2517 563 2602 ἐσῆλθε
594 2518 628 2583 δε
657 2519 710 2582 καὶ
741 2517 773 2594 ές
795 2521 867 2582 τῶν
889 2518 1064 2603 Καβείρων
1087 2513 1127 2581 τδ
1151 2513 1241 2601 ἱρόν,
1272 2515 1303 2593 ἐς
1325 2513 1364 2582 τὸ

240 2610 281 2684 οὐ
297 2615 440 2704 θεμιτόν
464 2619 529 2685 ἐστι
555 2619 677 2685 ἐσιέναι
701 2615 808 2684 ἄλλον
830 2645 866 2704 γε
890 2613 909 2705 ἢ
932 2613 994 2684 τὸν
1016 2617 1095 2701 ἱρέα.
1143 2629 1226 2704 38,8
1251 2613 1365 2684 οὔκων

240 2717 334 2799 οἰκός
357 2719 426 2788 ἐστι
450 2717 554 2786 ἄλλον
577 2747 611 2806 γε
634 2716 655 2808 ἢ
676 2714 881 2806 μαινόμενον
897 2715 1004 2805 ἄνδρα
1021 2721 1150 2806 γέλωτα
1166 2718 1363 2787 τὰτοιαῦτα

237 2825 406 2888 τίθεσθαι.
454 2832 515 2902 Vll,
541 2836 588 2906 10,
611 2835 672 2907 s,8
712 2818 755 2889 οὗ
782 2821 844 2908 γὰρ
873 2823 911 2888 te
941 2825 1097 2908 φρονέειν
1123 2823 1204 2908 μέγα
1236 2818 1254 2887 ὁ
1284 2820 1364 2900 θεὸς

241 2919 347 2991 ἄλλον
380 2920 400 3011 ἢ
435 2919 573 2992 ἓοοοτόν.
629 2937 677 3010 lll,
704 2939 753 3010 45,
780 2940 798 2995 5
840 2918 1012 3013 ἀπόρρητα
1045 2922 1245 3008 ποιεύμενος
1279 2923 1364 3011 πρὸς

238 3028 368 3115 μηδένα
392 3030 497 3114 λέγειν
518 3024 621 3114 ’ὑμέας
645 3024 751 3095 ἄλλον
774 3023 793 3114 ἢ
816 3031 1020 3116 Παυσανίην.

325 3125 420 3196 ἄλλο
451 3127 472 3217 ἧ
504 3139 605 3198 cadem
640 3140 754 3198 ratione
786 3145 912 3215 usurpat
935 3139 1060 3198 Herod.:
1091 3139 1260 3213 1V,131‚7
1286 3119 1304 3195 ὃ
1329 3129 1363 3194 δὲ

239 3225 339 3298 οὐδὲν
380 3232 440 3320 ἔφη
478 3233 510 3298 οἱ
548 3227 749 3299 ἐπεστάλθαι
788 3229 870 3298 ἄλλο
908 3228 928 3318 ἢ
964 3230 1067 3299 δόντα
1102 3229 1166 3317 τὴν
1203 3234 1362 3318 ταχίστην

240 3327 526 3401 ἀπαλλάσσεσθαι.
576 3346 595 3401 l'
601 3344 620 3414 1,
637 3347 687 3419 86,
703 3336 730 3419 δ,
747 3347 763 3402 7
789 3328 881 3400 οὗτοι
905 3327 1037 3419 ἀγαθὸν
1051 3336 1133 3421 μηδὲ
1149 3335 1363 3400 διανοέεσθαι
1470 3419 1474 3425 Ι

241 3440 317 3523 περὶ
341 3435 629 3526 παρακαταθήκης
653 3432 736 3504 ἄλλο
759 3463 794 3523 γε
817 3432 837 3523 ἢ
858 3431 1091 3503 ἀπαιτεόντων
1111 3430 1362 3516 ἄποδιδόναιδί)

240 3579 283 3586 -
314 3535 440 3608 Dutiuus
472 3567 560 3608 casus
591 3553 705 3606 exstet:
734 3548 928 3624 111‚107‚11
962 3531 1075 3606 οδδενὶ
1106 3541 1140 3606 δὲ
1171 3535 1261 3624 ἄλλῳ
1283 3531 1362 3604 α’πε-

239 3640 421 3708 λαύνονται
446 3635 512 3708 διπδ
536 3645 607 3707 τῶν
631 3643 798 3728 δενδρέων
819 3636 840 3727 ἢ
863 3645 922 3728 της
945 3639 1110 3728 στύρακος
1132 3646 1182 3727 τῷ
1206 3646 1335 3726 καπνῷ.

322 3815 357 3880 2¹⁴)
374 3813 459 3867 Paulo
484 3813 563 3868 aliter
582 3813 686 3868 dictum
706 3819 750 3867 est
774 3805 882 3869 οὐδὲν
907 3806 993 3866 ἄλλο
1013 3805 1043 3881 ἦε
1069 3812 1229 3880 V11‚168‚r
1251 3805 1286 3880 ἢν
1303 3806 1361 3880 γὰρ

237 3901 350 3967 σφαλῇ,
369 3904 452 3967 σφεῖς
470 3916 504 3966 γε
522 3890 606 3954 οὐδὲν
626 3891 696 3952 ἄλλο
716 3893 732 3967 ἢ
751 3894 938 3952 δουλεύσουσι
958 3903 992 3966 τῇ
1010 3893 1110 3968 πρώτη
1129 3904 1186 3952 τῶν
1212 3891 1362 3968 ἡμερέων;

237 3985 285 4038 ubi
309 3980 499 4052 ,,ποιήσουσι“
524 3985 568 4038 vel
594 3985 651 4038 tole
676 3985 744 4052 quid
770 3983 993 4038 subaudiendum
1018 3985 1137 4039 videtur.
1180 3983 1222 4039 Os.
1250 3984 1362 4050 Krtiger

237 4071 297 4138 Spr.
312 4074 353 4134 62,
368 4075 392 4137 3,
405 4077 427 4124 l.
446 4101 479 4108 -
498 4069 631 4124 Similiter
651 4070 761 4124 duobus
781 4071 848 4124 locis
867 4070 942 4138 apud
962 4070 1064 4124 Herod.
1078 4077 1229 4139 usurpetur
1242 4068 1361 4123 formula

237 4148 323 4208 ἄλλο
343 4173 374 4208 τι
393 4148 423 4224 ἦε
443 4155 464 4221 1,
483 4160 580 4222 109,ss
600 4151 627 4208 εἰ
644 4147 666 4206 δ’
678 4149 813 4224 ἐθελήσει
833 4150 940 4208 τούτου
959 4151 1184 4225 τελευτησαντος
1203 4149 1232 4219 ές
1244 4148 1296 4223 τηί·
1310 4157 1360 4206 θν-

237 4233 346 4309 γαιέρα
359 4236 466 4307 ταύτην
480 4234 618 4310 ἀναβῆναι
632 4234 647 4308 ἡ
662 4238 802 4310 τνραννίς,
822 4245 870 4310 τῆς
883 4245 933 4294 νῦν
946 4236 998 4294 τὸν
1018 4237 1081 4294 visio
1099 4239 1207 4295 κτείνει
1227 4233 1260 4294 δι’
1281 4234 1361 4308 ἐμοῦ,
