3104 4860
1282 257 1322 314 43

288 415 320 493 δ’)
342 407 541 500 πρότερον
564 409 583 502 ή
606 443 679 483 eum
704 425 812 484 verbo
836 426 943 485 finito
967 426 1084 485 duobus
1108 426 1181 484 locis
1209 427 1322 484 exstat:

202 525 346 602 1,127,5
376 512 394 581 ὁ
418 518 453 584 όὲ
476 522 586 603 Κόρας
609 520 739 585 ἐκέλευε
763 517 824 585 τὸν
852 514 993 604 ἄγγελον
1024 512 1243 640 ἀπαγγέλλειν
1270 513 1323 585 ὅτι

201 616 370 704 πρότερον
392 613 465 705 η’ξσι
488 612 567 705 παρ’
591 621 722 687 εκεῖνσν
744 646 764 706 η
785 613 962 708 Ἁστυάγης
989 617 1092 699 ου’τός
1114 619 1322 741 βουλήσεται.

201 728 416 788 Οοοίαοοίίνιισ
448 729 558 848 ίσςὶίρι
589 731 654 805 Vll,
670 734 754 806 548
782 725 970 810 Ξέρξης..
1002 717 1116 808 εόχετσ
1147 719 1231 807 πρὸς
1260 720 1322 788 τόν

201 816 297 908 ἥλιον
319 823 535 908 μηδεμίαν
504 849 536 890 οι
559 827 742 912 συντυχίην
763 823 926 912 τοιαύτην
931 827 1105 946 γενέσθρι,
1128 820 1220 913 ήμιν
1235 822 1322 892 παύ-

201 943 249 990 σει
271 927 570 1011 καταστρέψασθαι
593 925 657 1012 τήν
678 919 850 1016 Εὐρώπην
872 925 1040 1013 πρότεροι
1063 923 1098 1013 ή
1108 928 1162 994 ἐπὶ
1187 929 1322 1012 τέρμασι

199 1042 289 1094 τοῖσι
312 1028 440 1116 ἐκείνης
463 1029 603 1116 γίνηται.

287 1155 313 1228 ε)
336 1143 481 1233 πρὶν”
462 1174 481 1233 η
513 1175 588 1216 cum
613 1159 722 1217 verbo
746 1159 869 1218 finito:
892 1161 957 1236 VII,
975 1163 1023 1234 10,
1038 1177 1067 1238 η,
1085 1163 1124 1220 10
1147 1143 1164 1216 ὃ
1185 1149 1322 1236 μὲνγὰρ

201 1247 394 1330 διαβάλλων
416 1243 538 1316 όόικέει
562 1243 604 1317 σό
627 1249 815 1336 παρεόντος
837 1255 1062 1338 κατηγορέων,
1092 1247 1109 1318 ὁ
1134 1255 1174 1319 ’όὲ
1202 1245 1324 1319 ἀδικέει

200 1345 469 1439 ἀναπειθόμενος
490 1349 614 1440 πρὶνή
640 1346 804 1440 ἀτρεκέως
828 1353 967 1440 ἐκμάθη.

286 1479 316 1554 ζ)
340 1481 430 1540 Nune
457 1481 660 1540 enumeranda
688 1488 758 1540 sunt
786 1485 940 1559 exempla,
963 1501 1040 1559 quae
1065 1467 1109 1540 οὐ
1132 1473 1203 1562 (μή)
1226 1471 1323 1559 πρό-

200 1597 331 1658 τερον,
355 1576 450 1660 πρὶν
472 1569 492 1661 ή
517 1601 540 1641 υ.
566 1584 677 1643 verbo
700 1583 760 1642 fin.
787 1604 866 1653 „non
890 1588 1156 1662 p1·ius-quam“
1174 1586 1323 1646 exhibent„

287 1701 341 1775 αα)
361 1687 406 1761 οό
421 1693 622 1781 πρότερον
638 1689 657 1781 ή
675 1723 748 1763 cum
766 1705 968 1765 indicativo
985 1706 1123 1782 legimus:
1139 1706 1205 1781 VII,
1223 1709 1322 1780 175,ss

198 1793 261 1883 τήν
292 1800 328 1865 db
358 1793 509 1884 ἄτραπον
611 1793 690 1864 οὐσὲ
720 1793 842 1883 ήόεσαν
872 1799 995 1866 ἐοῦσαν
1022 1798 1191 1886 πρότερον
1218 1795 1333 1887 ήπερ

200 1893 398 1985 ἀπικόμενοι
421 1900 454 1978 ές
472 1897 690 1986 θερμσπύλας
709 1897 884 1968 ίπόθοντσ
905 1905 1097 1988 Τραχινίων.
1142 1911 1323 1987 V1n‚7,10

198 1995 297 2069 αὐτοὶ
321 1995 385 2069 συίι
408 2004 444 2068 ὲν
467 2001 538 2088 νόῳ
562 2001 692 2088 ἐ’χσντες
715 2001 839 2092 ταύτης
862 2010 919 2087 τής
941 2001 1061 2091 ἡμέρης
1088 2019 1175 2071 τοῖσι
1190 1999 1322 2090 Ἕλλησι

200 2103 431 2190 ἐπιθήσεσθαι,
456 2098 535 2172 oid}
558 2131 614 2190 πρ.
637 2101 657 2193 ή
681 2105 721 2173 τό
738 2103 892 2194 σύνθημά
908 2126 965 2190 σφι
983 2105 1096 2194 ἔμελλε
1114 2101 1323 2192 φανήσεσθαι

197 2207 288 2292 παρὰ
310 2213 381 2276 τῶν
402 2206 659 2294 περιπλεόντων
682 2199 728 2288 ὡς
750 2204 916 2292 ἡκόντων.
964 2223 1048 2294 93,6
1073 2203 1135 2276 οὐκ
1159 2205 1200 2276 ἂν
1224 2207 1323 2276 ε’·παό·

197 2329 279 2377 σατο
303 2335 358 2396 πρ,
383 2305 403 2394 ἢ
424 2306 488 2377 εἷλέ
511 2335 568 2396 μιν
591 2306 610 2395 ή
633 2314 686 2377 καὶ
712 2304 813 2389 αὐτὸς
836 2305 915 2395 ήλω.

286 2436 340 2510 ββ)
362 2422 409 2496 σό
425 2429 496 2516 (μή)
519 2424 714 2516 πρότερον
737 2428 758 2516 ή
787 2459 862 2498 oum
880 2442 1128 2500 coniunctivo:
1151 2441 1174 2515 1,
1192 2444 1322 2516 199‚13.

198 2531 282 2599 ἔνθα
313 2527 415 2598 ἐπεὰν
445 2533 551 2620 ίζηται
575 2531 667 2620 γυνή,
699 2526 739 2600 οὐ
762 2558 816 2618 πρ.
842 2527 1091 2601 ἀπαλλάσσεται
1115 2536 1147 2612 ές
1168 2533 1210 2600 τὰ
1233 2535 1323 2599 αἰκία

197 2631 292 2720 ήτίς
320 2635 351 2700 σί
382 2638 503 2718 ξείνων
534 2629 696 2722 όργόριον
727 2635 880 2722 ἐμβαλών
911 2637 942 2716 ἐς
972 2636 1013 2704 τό
1045 2634 1192 2723 γούνατα
1221 2641 1324 2721 μιχθή

199 2735 263 2820 ἔξω
286 2743 348 2803 τοῦ
371 2737 456 2824 ἱροῦ.
503 2732 779 2822 IV,196,15013c'
802 2741 950 2817 ἐκείνους
973 2746 1044 2806 τῶν
1059 2741 1211 2825 φορτίων
1226 2732 1324 2804 ἅπτε-

198 2845 278 2905 σθαι
305 2864 359 2924 πρ.
390 2834 410 2925 ἢ
441 2833 538 2907 ου’τσί.
561 2840 600 2907 τὸ
621 2844 761 2927 χρυσίον
783 2837 916 2924 λάβωσι.
962 2853 1011 2926 ΙΧ,
1035 2855 1114 2928 86,6
1137 2841 1181 2929 μή
1205 2837 1322 2908 όπανί-

199 2947 339 3008 στασθαι
364 2936 431 3009 όπό
454 2948 513 3031 τῆς
536 2937 656 3022 πόλιος
677 2953 733 3028 πρ.
758 2941 777 3032 ή
801 2946 949 3028 ἐξέλωσι.
996 2959 1076 3030 87,4
1100 2939 1212 3030 ἐπειδή
1230 2937 1322 3010 οὕτω

199 3047 354 3117 ιίέιίσκτιιι
386 3061 470 3112 τοῖσι
488 3040 631 3135 Ἕλλησι,
653 3046 697 3134 μή
720 3073 775 3133 πρ.
801 3043 1032 3133 ἀπαναστῆναι
1056 3049 1323 3133 πολιορκέοντας

198 3143 217 3233 ἢ
242 3147 374 3231 ἐξέλωσι
400 3147 510 3234 Θήβας
534 3144 552 3236 ή
575 3146 675 3235 ήμέας
698 3143 829 3216 αότσίσι
852 3155 1041 3235 παραδῶτε.
1059 3190 1101 3198 --

285 3273 336 3353 μγ)
360 3261 406 3333 σιῗ
435 3271 530 3354 πρὶν
559 3264 579 3354 ή
609 3296 684 3335 cum
717 3278 933 3338 indicativo:
960 3280 1021 3353 VII,
1046 3281 1146 3354 137,ss
1179 3263 1231 3336 ὅτι
1261 3272 1323 3354 μὲν

200 3363 262 3455 γὰρ
290 3373 476 3457 κατέσκηψε
502 3372 534 3446 ές
558 3364 717 3457 ἀγγέλους
739 3367 759 3456 ή
788 3374 980 3453 Ταλθυβίου
1002 3377 1096 3459 μῆνις
1119 3367 1198 3439 συίίὲ
1223 3366 1323 3438 έπαό-

198 3491 279 3538 σατο
303 3474 385 3558 πρὶν
407 3467 428 3559 ή
452 3473 583 3559 ἐξῆλθε,
606 3471 646 3539 τὸ
669 3475 801 3540 δίκαιον
825 3467 916 3542 οὕτω
940 3471 1043 3559 ἔφερε.

283 3593 336 3670 dd)
367 3587 411 3658 σό
440 3589 578 3678 πρὶνή
608 3621 682 3660 cum
714 3603 965 3662 coniunctivo:
996 3604 1017 3672 I,
1044 3607 1143 3677 19,12
1173 3587 1236 3661 οόκ
1259 3595 1323 3682 έφη

195 3693 330 3782 χρήσειν·
357 3698 439 3781 πρὶν
460 3691 481 3779 ἢ
504 3695 565 3762 τόν
594 3695 678 3782 νηὸν
701 3702 760 3782 τής
783 3689 961 3784 Ἀθηναίης
994 3689 1226 3782 ἀνορθώσωσι.
1274 3707 1325 3781 Vl,

199 3811 319 3880 133‚11
344 3796 418 3881 φάς,
447 3793 489 3882 ήν
518 3800 579 3884 μὲν
602 3791 642 3863 οὐ
666 3800 757 3878 σῶσι,
788 3793 852 3865 σόκ
877 3791 1118 3886 ἀπονοστήσειν
1141 3793 1204 3885 τήν
1227 3821 1324 3884 στρα-

195 3899 271 3986 τιήν
301 3903 384 3988 πρὶν
414 3895 433 3988 ἢ
464 3901 556 3984 έξέλη
587 3902 696 3982 σηέας.
745 3911 807 3980 Vll,
833 3914 902 3983 197,
916 3915 956 3971 10
986 3896 1027 3989 ήν
1049 3906 1083 3969 δὲ
1114 3904 1234 3986 ε’σέλθη
1259 3895 1323 3968 οόκ

196 4002 265 4069 έστι
297 3997 384 4081 ὅκως
414 4003 508 4086 έξιισι
533 4007 614 4089 πρὶν
637 3999 655 4089 ή
680 4002 848 4070 θύσεσθαι
874 4010 985 4090 μέλλη.
1031 4014 1081 4084 IX,
1107 4017 1206 4089 117‚5
1231 4004 1262 4070 σί
1287 4005 1321 4068 δὲ

196 4099 260 4172 οέκ
285 4105 412 4187 ἔφασαν
443 4110 523 4192 πρὶν
547 4101 567 4195 ἢ
590 4108 727 4190 ἐξέλωσι
750 4101 770 4193 ἢ
795 4105 833 4174 τό
854 4099 1043 4194 Ἀθηναίων
1073 4101 1191 4174 κοινόν
1222 4129 1323 4188 σφεας

195 4210 459 4296 μεταπέμψηται.
476 4248 518 4257 -
535 4220 568 4276 ln
585 4218 681 4296 primo
703 4219 856 4278 enuntiato
872 4211 955 4297 πρὶν
971 4211 1005 4276 ὁὶ
1022 4204 1042 4297 ή
1058 4221 1169 4277 exstat:
1186 4218 1206 4290 1,
1225 4222 1322 4296 136,8
