3104 4860
236 257 275 312 4⁴2

236 417 292 480 καὶ
317 407 473 502 ἔφθησάν
495 441 529 481 τε
554 409 752 502 άπικόμενοι
780 419 860 501 πρὶν
890 411 909 504 ἢ
939 410 1020 494 τούς
1042 413 1229 502 βαρβάρους
1251 409 1354 502 ἥκειν.

237 526 345 602 r11‚3,
364 530 401 586 13
424 513 466 606 ἢν
489 518 521 584 σί
544 519 604 603 μὲν
626 515 872 603 προγεγονότες
895 519 971 585 έωσι
996 521 1076 603 πρὶν
1099 514 1120 604 ἢ
1142 513 1203 584 τὸν
1226 520 1356 603 πατέρα

236 623 349 704 σφέοον
371 626 571 702 βασιλεῦσαι.
619 633 667 705 94,
684 635 702 688 3
725 624 778 686 καί
803 624 884 706 πρὶν
906 617 926 708 ἢ
942 619 1074 687 Ααναάν
1091 647 1125 686 τε
1143 624 1199 686 καὶ
1216 623 1356 694 Ξοῦθον

235 716 418 790 ἀπικέσθαι
441 723 473 800 ές
489 721 754 810 Πελοπόννησον
777 777 829 789 ...
854 724 1036 790 ἐκαλέοντο
1058 727 1225 808 Πελασγοὶ
1241 724 1356 808 Αἰγια-

236 827 313 902 λέες.
359 836 425 904 226
445 838 463 893 3
487 823 548 890 τὸν
570 823 647 891 τάδε
671 828 750 907 φασὶ
777 826 883 891 εἰπεῖν
906 823 944 891 τά
968 823 1047 902 έπος
1066 828 1147 910 πρὶν
1163 819 1183 912 ἢ
1199 827 1355 910 συμμῖξαί

236 947 337 1009 σφεας
371 941 458 992 τοῖσι
492 925 646 1014 Μήδοισι.
701 937 864 1011 vr11‚3‚1
899 929 1025 1012 έχίνετο
1058 923 1119 1012 γάρ
1151 921 1224 992 κατ’
1255 920 1357 1012 άρχάς

236 1027 351 1114 λόγος,
390 1032 472 1114 πρὶν
508 1025 528 1116 ἢ
557 1033 609 1095 καί
646 1030 678 1108 ές
709 1034 868 1117 Σικελίην
897 1032 1041 1115 πέμπειν
1076 1031 1130 1095 ἐπὶ
1161 1031 1356 1116 συμμαχίην.

237 1144 324 1214 59‚2
355 1135 436 1218 πρὶν
466 1127 486 1218 ἢ
517 1131 578 1198 τὸν
609 1125 820 1216 Εέρυβιάθεα
851 1140 1034 1217 προθεῖναι
1062 1131 1125 1198 τὸν
1156 1127 1260 1217 λόγον
1291 1186 1296 1198 .
1322 1186 1326 1196 .
1351 1185 1356 1196 .

236 1233 364 1312 πολλὸς
387 1222 429 1320 ἦν
453 1237 470 1300 ὁ
499 1235 739 1322 Θεμιστοκλέης
762 1235 798 1300 έν
821 1250 908 1301 τοῖσι
933 1232 1062 1320 λόγοισι
1085 1231 1140 1300 οία
1162 1232 1268 1318 κάρτα
1284 1228 1354 1300 θεά-

235 1362 343 1422 μενος.
390 1347 438 1416 ΙΧ,
458 1350 505 1420 13,
522 1349 540 1406 8
557 1340 638 1422 πρὶν
655 1332 673 1423 ἢ
689 1332 768 1415 τοὺς
788 1331 871 1420 μετά
887 1339 1085 1404 Παυσανίεω
1101 1338 1133 1415 ές
1146 1336 1208 1403 τὸν
1224 1329 1358 1422 Ἰσθμὸν

236 1440 400 1523 ἐμβαλεῖν,
424 1435 636 1525 ὑπεξεχώρεε.
690 1452 772 1520 68,3
797 1441 825 1505 εἰ
848 1442 904 1504 καὶ
933 1436 1010 1504 τότε
1039 1429 1131 1506 οὗτοι
1156 1435 1237 1525 πρὶν
1259 1433 1278 1526 ἢ
1300 1441 1356 1504 καὶ

237 1551 392 1626 συμμῖξαι
415 1557 500 1607 τοῖσι
524 1545 712 1627 πολεμίοισι
733 1541 885 1628 έφευχον.
933 1555 981 1626 70,
999 1554 1015 1609 3
1037 1538 1192 1630 έιμθησαν
1208 1543 1259 1608 ἐπὶ
1278 1536 1358 1618 τοὺς

236 1637 386 1730 πύργους
410 1639 593 1724 ἀναβάντες
615 1647 697 1729 πρὶν
719 1639 738 1731 ἢ
761 1642 842 1721 τούς
862 1647 1148 1729 Λακεδαιμονίους
1164 1637 1356 1709 άπικέσθαι.

322 1755 491 1831 Aliquotiee
516 1756 639 1814 voculae
663 1755 809 1831 quaedam
834 1757 911 1814 inter
934 1749 1015 1831 πρίν
1037 1761 1066 1812 et
1088 1741 1109 1832 ἢ
1132 1755 1319 1818 inseruntur:

323 1846 410 1934 χάρε
450 1860 572 1934 1‚78‚8
602 1851 684 1932 πρὶν
713 1843 775 1935 γάρ
798 1844 818 1936 ἢ
843 1841 953 1914 ὀπίσω
976 1850 1076 1931 σφέας
1101 1843 1301 1914 ἀναπλῶσαι
1324 1850 1358 1926 ές

236 1945 294 2030 τάς
309 1945 433 2037 Σάρδις
455 1943 526 2038 η’λοο
549 1945 734 2035 ὁΚροῑσος,
782 1941 960 2037 vr11,'12‚8
982 1954 1064 2036 πρὶν
1086 1949 1148 2036 γάρ
1170 1945 1260 2036 ἢκαί
1280 1943 1359 2016 άνα-

236 2057 379 2120 πνεῦσαί
410 2072 511 2136 σφεας
627 2049 774 2134 ὑπέλαβε
807 2057 968 2140 ναυμαχίη
1004 2051 1154 2142 κρατερή.
1208 2063 1356 2138 ΙΧ,48,7

236 2159 318 2242 πρὶν
341 2151 403 2241 γάρ
426 2152 446 2242 ἢ
470 2165 624 2241 συμμῖξαι
647 2151 746 2244 ἡμέας
778 2157 810 2235 ές
834 2163 955 2242 χειρῶν
982 2181 1015 2222 τε
1047 2149 1154 2241 νόμον
1176 2149 1358 2222 άπικέσθαι

237 2311 267 2324 ..
286 2311 291 2324 .
314 2259 454 2342 εἴδομεν.

322 2363 377 2426 θέε
416 2370 466 2445 IV,
484 2373 586 2445 167,ss
617 2363 698 2446 πρὶν
729 2361 765 2426 δὲ
795 2356 814 2448 ί)
839 2355 1033 2428 άποστεῑλαι
1055 2358 1117 2449 τὴν
1139 2358 1305 2448 στρατιάν,
1338 2357 1383 2426 ὁ.

233 2456 410 2550 Ἀρυάνδης
433 2517 438 2528 .
459 2517 487 2527 ..
513 2456 725 2530 ἐπυνθάνετο
749 2467 798 2541 τίς
821 2465 869 2551 είη
894 2459 911 2530 ὁ
936 2457 1145 2541 ἀποκτείνας.

322 2567 405 2650 μένε
445 2575 480 2650 ss,
498 2579 557 2649 2,1
584 2565 615 2630 οί
640 2567 674 2631 δὲ
698 2563 886 2651 Αἰγύπτιοι,
909 2569 991 2652 πρίν
1012 2567 1072 2651 μέν
1094 2560 1115 2651 ἢ
1143 2559 1358 2652 Ψαμμήτιχον

189 2753 192 2761 Α
237 2670 349 2752 σαέοον
367 2674 569 2750 βασιλεῦσαι,
586 2665 750 2753 ἐνόμιζον.
770 2707 809 2714 -
826 2678 873 2751 ΙΧ,
892 2681 938 2754 13,
954 2681 974 2736 4
989 2671 1071 2753 πρὶν
1083 2661 1144 2754 μέν
1166 2692 1229 2733 νυν
1252 2662 1272 2754 ἢ
1295 2693 1358 2733 πυ-

235 2769 359 2838 θέσθαι
383 2764 577 2854 άνεκοίχευε.

248 2957 250 2962 Ι
322 2885 351 2960 χ)
376 2867 421 2940 σά
450 2867 650 2958 πρότερον
682 2871 701 2960 η’
730 2902 753 2941 ο.
781 2884 839 2941 inf.
872 2883 951 2960 apud
987 2883 1170 2941 Herodotum
1208 2900 1355 2957 nusquam

236 2987 395 3061 invenit-ur,
419 2991 523 3044 eontra
547 3003 622 3043 unus
646 2985 729 3044 loeus
753 2971 917 3062 οά-πρὶν
940 2973 960 3064 ἢ
984 3004 1056 3044 eum
1079 2985 1140 3043 inf.
1164 2986 1354 3043 coniunctum

236 3089 371 3148 exhibet:
404 3090 531 3164 1V,9‚8
560 3081 623 3165 την
651 3082 685 3146 δὲ
716 3078 819 3162 φάναι
848 3074 977 3167 {meter
1000 3079 1085 3164 ἔχειν
1109 3081 1164 3144 καὶ
1188 3072 1249 3144 οὐκ
1272 3071 1354 3144 άπο-

236 3180 356 3249 δαίσειν
388 3183 505 3267 ἐκείνῳ
535 3185 617 3267 πρὶν
646 3179 667 3268 η’
699 3183 730 3248 οἱ
760 3189 929 3268 μιχθῆναι.
984 3177 1071 3249 Valet
1101 3191 1149 3248 hie
1173 3177 1355 3267 οέ-πρὶνῆ

235 3294 311 3352 idem
336 3294 400 3352 fere
423 3298 514 3369 atque
537 3277 680 3370 ὕστερον
703 3280 722 3372 ἢ
746 3313 769 3351 ο.
794 3293 844 3351 inf.
870 3293 1131 3362 ,,υπο1α1ειυ“.-

322 3396 518 3456 Conferamus
547 3415 627 3454 nune
658 3414 723 3453 eum
756 3395 799 3453 hie
829 3414 864 3454 ea
892 3396 1044 3471 exempla,
1075 3397 1103 3453 in
1128 3395 1236 3470 quihus
1260 3381 1354 3469 πρό-

235 3515 365 3575 τερον,
389 3492 483 3573 πρὶν
506 3484 525 3577 ἦ
544 3502 602 3555 ete.
627 3515 702 3556 eum
725 3497 832 3555 verbe
849 3497 955 3556 finite
972 3503 1117 3573 usurpata
1133 3501 1211 3555 eunt.
1256 3499 1354 3571 Atque

237 3603 281 3660 hie
307 3603 442 3661 formulis
466 3601 494 3658 id
520 3600 703 3676 potissimum
727 3600 855 3674 scriptor
878 3599 1016 3674 preferre
1045 3599 1123 3675 vult,
1153 3605 1252 3657 utrum
1283 3597 1354 3674 quid

235 3711 304 3763 ante
334 3705 361 3762 id
387 3711 518 3780 ευιυριιε,
548 3721 608 3778 que
632 3702 757 3760 alterurn
781 3703 947 3777 posteriore
971 3703 1200 3778 comparationis
1224 3695 1354 3760 inembro

236 3825 409 3883 expressum
434 3805 579 3880 evenerit,
601 3806 654 3864 fiat
677 3823 779 3864 necne.

321 3909 473 3984 Significat
501 3908 590 3983 igitur
613 3895 830 3984 πρότερον,
858 3902 954 3985 πρὶν
982 3895 1003 3986 ἦ
1031 3927 1106 3966 eum
1138 3909 1247 3967 verbe
1278 3907 1354 3966 sire:

240 4013 340 4088 rprirrs
362 4043 404 4050 -
427 4029 527 4087 quam,
552 4012 622 4069 elrer
647 4040 687 4049 -
711 4011 784 4084 als“;
815 3995 856 4068 σά
879 3996 944 4088 (μη)
967 4000 1137 4092 πρότερον
1160 3999 1191 4087 ἦ,
1223 3994 1263 4067 οὐ
1285 3994 1354 4088 (μή)

234 4109 316 4192 πρὶν
340 4101 379 4193 ίχῑ
404 4134 482 4182 „uon
506 4115 588 4189 prius
611 4145 652 4152 -
676 4132 782 4188 quam,
815 4113 896 4172 rr'relrt
927 4115 998 4172 eher
1022 4144 1061 4151 —
1085 4115 1144 4186 πίας
1177 4113 1256 4173 daun
1285 4119 1355 4188 eret,

235 4218 342 4276 wenn“
367 4215 416 4288 (ef.
441 4217 566 4276 Ksshner
590 4216 606 4286 ἓ
623 4219 694 4293 568,
709 4234 735 4274 a.
751 4213 790 4288 b).
