3104 4860
1262 292 1301 350 33

266 467 416 543 1V,95,9
439 453 501 522 τὸν
524 451 694 540 Σάλμοξιν
716 457 844 521 τοῦτον
867 449 1088 538 ἐπιστάμενον
1114 449 1245 518 δίαιτάν
1266 477 1303 517 τε

181 557 269 629 Ἰάδα
299 562 355 625 καὶ
385 555 473 645 ἤθεα
504 555 676 642 βαθύτερα
702 551 723 642 ἢ
753 553 839 622 κατὰ
871 553 1023 642 Θρήικας.
1048 563 1196 638 „moribus
1222 563 1305 620 insti-

182 675 278 732 tutum
311 669 483 729 cultioribus
514 687 604 744 quam
639 669 690 744 qui
720 666 801 743 apud
832 666 966 726 Thraces
989 661 1182 724 obtinerent.“
1226 664 1305 736 Vlll,

183 777 232 849 38,
250 779 265 833 7
292 762 353 830 δύο
376 761 437 848 γὰρ
461 757 601 838 ὁπλίτας
616 763 756 846 μέζονας
770 755 790 847 ἢ
806 753 878 826 κατ’
895 753 1093 844 ἀνθρώπων
1113 756 1260 840 poscolli
1277 811 1303 822 ..

183 865 324 932 ἕπεσθαί
347 885 406 946 σφι
429 865 624 939 κτείνοντας
647 864 702 927 καὶ
727 858 921 948 διώκοντας.

261 1092 293 1168 h)
332 1093 609 1170 comparativus
633 1093 878 1169 comparativo
902 1109 964 1168 per
986 1078 1006 1169 ἢ
1029 1091 1228 1168 oppositus.

270 1234 335 1292 Hoc
359 1230 589 1308 comparationis
612 1246 707 1305 genus
731 1247 766 1287 eo
782 1232 905 1304 spectat,
929 1233 961 1286 ut
977 1228 1103 1286 duarum
1120 1208 1311 1304 qualitatumJ

185 1355 262 1414 qnae
285 1335 322 1393 ad
346 1352 437 1392 unum
462 1331 626 1391 subiectum
650 1329 840 1399 referuntur,
871 1315 994 1389 alterius
1016 1331 1141 1406 gradum
1165 1331 1306 1390 maiorem

184 1457 273 1515 quam
297 1435 422 1497 alterius
445 1452 509 1493 esse
533 1434 658 1492 dicatur.
670 1429 708 1503 Ἡ)

268 1539 345 1596 Tres
376 1537 495 1596 omnino
525 1537 580 1595 loci
617 1536 825 1595 inveniuntur:
856 1536 1027 1610 111,cs,11
1060 1527 1169 1604 δείσας
1201 1529 1235 1593 δὲ
1264 1525 1305 1611 pr*

185 1626 378 1718 ἀπαιρεθέω
408 1628 471 1716 τὴν
501 1623 605 1716 ἀρχὴν
630 1628 715 1713 πρὸς
741 1632 803 1694 τοῦ
833 1621 1008 1712 ἀδελφεοῦ,
1047 1629 1180 1716 ἐποίησε
1212 1627 1308 1715 ταχύ·
1398 1620 1402 1629 ’

184 1759 263 1820 τερα
287 1728 307 1819 ἢ
331 1731 516 1819 σοφώτερα.
563 1740 768 1815 V11,194,12
798 1726 909 1815 εὑρών
942 1733 977 1796 δὲ
1003 1737 1105 1798 τοῦτο
1130 1726 1148 1796 ὃ
1172 1735 1309 1817 Δαρεῖος

185 1840 240 1904 καὶ
272 1834 374 1922 γνούς
399 1831 443 1912 ὡς
463 1831 627 1920 ταχύτερα
656 1825 758 1910 αὐτὸς
781 1827 802 1918 ἢ
826 1831 1003 1919 σοφώτερα
1025 1833 1223 1920 ἐργασμένος
1250 1835 1309 1920 εἴη,

186 1939 291 2012 ἔλυσε.
1158 2003 1159 2008 ,

271 2050 330 2109 Pro
356 2048 559 2123 comparativo
582 2048 737 2124 inpriore
754 2049 886 2106 membro
903 2047 1050 2124 positivus
1066 2051 1163 2106 exstat
1178 2065 1196 2105 a
1217 2047 1309 2107 verbo

186 2146 356 2228 προτιμᾶν
384 2149 534 2226 pendens,
565 2151 593 2208 in
622 2168 682 2225 quo
706 2150 764 2206 vim
789 2150 1020 2225 comparativam
1044 2167 1108 2208 eam
1131 2149 1247 2223 inesse,
1278 2153 1311 2208 ut

187 2272 247 2312 nou
278 2257 389 2311 temere
420 2251 500 2310 illum
533 2253 630 2311 locum
661 2250 699 2308 ad
731 2250 810 2309 lnrnc
841 2251 976 2310 ordinem
1006 2250 1120 2310 referre
1144 2251 1310 2321 videamur,

188 2356 394 2430 unusquisque
424 2353 576 2413 concedet.
628 2355 766 2429 11‚37,6
790 2343 831 2412 τά
853 2371 890 2411 τε
914 2347 1024 2411 αἰδοῖα
1048 2343 1311 2431 περιτάμνονται

187 2445 454 2535 καθαρειότητος
492 2448 635 2526 εἵνεκεν,
672 2451 902 2531 προτιμῶντες
938 2450 1084 2535 καθαροὶ
1096 2452 1134 2527 ⁴²³)
1174 2446 1258 2513 εἶναι
1293 2442 1313 2534 ἢ

188 2541 457 2636 εὐπρεπέστεροι.
924 2567 928 2573 ·

273 2729 335 2788 lam
359 2730 498 2806 quoniam
524 2729 600 2788 lranc
624 2731 754 2804 priorem
772 2729 877 2806 capitis
892 2729 1016 2788 secundi
1034 2735 1147 2807 partem
1164 2729 1201 2787 ad
1224 2727 1312 2790 finem

188 2831 393 2910 perduximus,
424 2832 513 2910 liceat
542 2831 628 2891 nobis
657 2849 744 2907 quam
768 2831 941 2891 brevissime
964 2832 1192 2908 respicientibus
1214 2833 1251 2891 ad
1276 2833 1314 2902 id,

194 2933 275 3012 quod
298 2935 502 3009 tractavimus,
525 2950 591 2992 eum
615 2951 670 2992 usu
693 2933 894 3008 Thucydideo
911 2933 1115 2994 Herodoteum
1132 2952 1315 3011 comparare.

190 3039 233 3095 Ac
264 3041 476 3113 praeterquam
506 3036 586 3112 quod
615 3036 670 3094 iam
703 3053 795 3111 supra
818 3036 1019 3112 ostendimus,
1048 3038 1191 3096 rationem
1216 3056 1316 3096 nume·

193 3139 297 3198 ralium
328 3157 383 3215 per
413 3123 433 3216 ἢ
464 3140 667 3214 comparativo
698 3137 905 3197 adiuncturum
935 3138 1015 3215 apud
1047 3139 1254 3216 'Plnrcydidem
1288 3145 1318 3198 et

191 3241 336 3317 qualitate
367 3247 396 3300 et
426 3241 602 3318 quantitate,
633 3245 666 3300 ut
688 3242 729 3298 ita
752 3240 859 3314 dicam,
882 3241 993 3317 aliquid
1018 3242 1165 3301 diversam
1191 3260 1257 3301 esse
1280 3243 1317 3300 ab

192 3346 311 3419 nostro,
343 3361 423 3401 nunc
446 3343 626 3402 monendum
651 3346 704 3413 est,
737 3343 818 3419 apud
841 3344 1030 3406 Herodotum
1052 3363 1150 3420 neque
1173 3345 1318 3422 exempla,

190 3463 268 3521 quae
302 3432 323 3521 ἥ
356 3463 421 3503 cum
453 3445 606 3504 enuntiato
638 3444 833 3504 conditionali
871 3446 1079 3521 coniunctum,
1114 3466 1211 3523 neque
1243 3466 1319 3524 quae

190 3532 320 3625 ἢπρός
343 3564 366 3606 c.
390 3566 468 3624 acc,
498 3548 591 3606 simile
615 3548 694 3623 quod
723 3534 743 3624 ἢ
768 3537 853 3605 κατά
873 3568 902 3606 o.
925 3567 986 3607 acc.
1012 3549 1201 3625 significans,
1234 3568 1319 3626 prae·

191 3650 284 3724 bent,
325 3649 460 3708 inveniri.
530 3651 640 3711 Contra
680 3653 837 3709 statuimus
875 3652 1029 3711 Herodoto
1070 3653 1222 3729 peculiare
1256 3671 1321 3711 esse
1353 3665 1355 3670 ’

195 3791 397 3798 -κ--η-*ῃ

279 3866 314 3928 ²¹)
340 3862 419 3917 Hanc
446 3862 592 3928 Dietsolrii‚
619 3861 754 3927 Antenoi,
783 3864 879 3918 Steinii
908 3866 1072 3934 scripturam
1100 3867 1231 3936 optimam
1259 3882 1321 3921 esse

191 3961 298 4013 (censeo,
318 3963 379 4000 cum
399 3948 445 4001 alii
464 3947 585 4002 editores
605 3948 684 4002 aliter
702 3949 893 4004 iudicaverint.
929 3951 1014 4004 Plura
1031 3952 1066 4006 de
1085 3950 1135 4005 hac
1154 3967 1182 4006 re
1199 3947 1263 4005 vide
1276 3967 1320 4019 ap.

191 4031 291 4086 Baehr.
311 4033 338 4086 in
357 4033 421 4085 adn.
440 4048 463 4085 a.
483 4033 508 4086 h.
527 4034 544 4086 l.

277 4121 311 4184 ²²)
329 4115 366 4171 cf.
385 4117 501 4172 Kiihner
518 4120 605 4187 §5⁴3³
620 4125 642 4172 5.
679 4120 790 4188 Kriiger
809 4121 870 4189 Spr.
890 4128 931 4189 te,
945 4127 968 4190 2,
981 4126 1004 4174 2.
1023 4121 1066 4175 Di.
1086 4127 1127 4189 49,
1140 4128 1162 4175 5.

278 4207 313 4268 ²³)
338 4201 383 4256 Sic
407 4203 504 4270 codd,
530 4220 646 4272 quorum
672 4205 816 4259 lectionem
842 4207 940 4261 Baehr.
967 4214 995 4261 et
1020 4207 1105 4260 Stein.
1137 4208 1224 4261 secuti
1249 4217 1319 4261 sunt

191 4287 306 4356 Reliqui
324 4287 450 4342 editores
469 4305 533 4343 cum
552 4288 692 4344 Bredovio
710 4287 852 4364 καθάριοι
871 4293 1006 4348 scribunt.

1099 4400 1114 4460 3
