3104 4860
684 1072 713 1142 (Ἰ
727 1073 757 1145 Α
771 1075 799 1144 P
812 1073 847 1145 U
861 1074 893 1145 'l‘
927 1075 954 1148 Ι.

353 1228 406 1294 lie
429 1227 588 1309 geruum
612 1228 838 1312 comparatae
861 1228 916 1294 rei
940 1246 1020 1294 cum
1045 1229 1286 1311 cnrrrparatiro

719 1330 920 1396 coniuncta.

345 1509 378 1567 Iu
403 1507 459 1566 hac
483 1507 657 1582 quaestione
686 1507 844 1566 tractanda
871 1506 946 1566 duas
969 1507 1153 1585 potissimum
1177 1509 1240 1567 vias
1263 1509 1379 1584 ingredi

258 1609 342 1669 nubis
365 1610 587 1686 proposuimus:
610 1610 694 1685 prius
717 1608 793 1668 enim
818 1609 855 1668 de
879 1611 1149 1686 comparativorum
1166 1630 1231 1670 cum
1249 1613 1379 1686 genitivo

258 1711 485 1772 coniunctorum
518 1711 643 1770 diversis
671 1710 835 1788 generibus
866 1712 1059 1784 disseremus,
1092 1717 1153 1773 tum
1187 1713 1225 1773 de
1255 1714 1379 1790 genitivi

257 1815 351 1891 ipsius
375 1818 482 1874 natura
505 1832 540 1873 ac
562 1814 686 1874 ratione.

484 2015 512 2080 t.
551 2015 592 2080 ue
615 2014 810 2096 comparativi
835 2014 961 2081 dirersis
984 2015 1153 2098 qencribus.

343 2171 375 2215 a.
420 2154 566 2216 Idnueum
590 2156 628 2214 ad
652 2155 681 2215 id
704 2155 786 2232 quod
809 2157 925 2232 agimus
948 2155 1068 2217 ridetur
1095 2175 1174 2233 csse,
1203 2158 1377 2234 priusquam

258 2259 295 2318 ad
319 2259 401 2334 ipsus
425 2257 652 2336 comparativus,
675 2258 726 2334 qui
749 2260 871 2335 proprie
887 2263 1042 2335 vocantur,
1065 2258 1259 2336 explicandos
1275 2279 1379 2334 aggre-

259 2360 384 2432 diamur,
409 2379 506 2436 pauca
529 2361 622 2420 verba
644 2359 790 2419 facientes
814 2359 851 2420 de
875 2362 909 2420 iis
933 2361 1112 2432 numinibus,
1140 2380 1267 2438 quorum
1291 2361 1381 2438 sigui·

259 2463 356 2524 ticatic
380 2463 460 2523 haud
483 2464 525 2524 ita
546 2463 689 2523 abhorret
710 2464 965 2540 acomparativis,
987 2483 1047 2540 qua
1071 2465 1186 2524 ratione
1211 2463 1381 2536 Herodotus

259 2566 319 2625 illis
343 2584 413 2626 usus
435 2567 473 2626 sit
496 2583 648 2641 quaerere.

342 2669 418 2730 Sunt
441 2671 540 2727 autem
564 2669 693 2745 nemina,
718 2686 793 2744 quac
817 2669 876 2727 huc
892 2668 1053 2745 quadrant,
1077 2655 1213 2738 ἄλλος,
1237 2657 1381 2745 ἕτερος,

257 2763 444 2840 ἐναντίος
468 2757 749 2841 (ὑπεναντίος),
773 2760 950 2846 ἔμπαλιν.

341 2873 441 2950 Atque
473 2858 588 2940 ἄλλος
619 2879 648 2932 et
680 2863 826 2948 ἕτερος,
861 2871 942 2949 quod
969 2871 1165 2949 Thucydides
1195 2874 1285 2934 semel
1314 2892 1380 2934 curn

255 2975 389 3053 genitivo
413 2980 603 3052 comparatae
627 2976 670 3034 rei
694 2977 884 3035 coniunctum
907 2976 1028 3036 exhibet
1051 2975 1116 3042 (cfr.
1135 2976 1299 3036 Preibisch.
1323 2977 1341 3036 l.
1357 2997 1380 3036 c.

257 3097 327 3155 pag.
341 3076 401 3150 13),
431 3077 511 3153 apud
535 3077 723 3138 Herodotum
746 3096 908 3154 numquam
931 3078 988 3137 hac
1010 3082 1161 3138 structura
1183 3083 1381 3156 usurpantur;

258 3199 326 3240 nam
359 3199 426 3241 eum
458 3181 568 3257 locum,
598 3180 649 3255 qui
678 3181 774 3257 prime
805 3179 951 3256 adspectu
975 3180 1094 3240 videtur
1123 3182 1181 3239 huc
1204 3181 1381 3240 referendus

259 3302 338 3360 csse,
371 3284 460 3359 lunge
495 3283 581 3343 aliter
615 3284 758 3360 explicari
792 3299 915 3342 neccsse
950 3287 1011 3342 est..
1056 3283 1155 3343 Verba
1190 3289 1258 3343 siunt
1293 3285 1381 3342 hacc:

258 3387 308 3462 IV,
326 3389 394 3460 1⁶26,
410 3389 430 3444 4
447 3373 592 3461 δαιμόνιε
612 3369 756 3462 ἀνδρῶν,
780 3379 813 3441 ri
829 3373 958 3462 φεύγοις
973 3377 1047 3456 αἰεί,
1071 3374 1165 3460 ἐξιόν
1180 3402 1232 3442 τοι
1256 3379 1379 3444 runca

258 3475 303 3545 τὰ
326 3478 441 3565 {rann
464 3481 611 3556 naricam
635 3481 662 3544 rr'
685 3482 745 3564 μὲν
769 3477 831 3565 γιὶρ
853 3472 1023 3566 ἀξιόχρεος
1039 3481 1165 3557 δοκέιις
1181 3477 1263 3545 εἶναι
1281 3499 1382 3546 namn-

258 3588 320 3649 τοῦ
341 3597 428 3648 corna
452 3584 559 3668 ἐμοῖσι
582 3580 752 3668 πρήγμασι
777 3574 1005 3667 ἀντιωθῆναι,
1037 3576 1076 3647 σν
1102 3583 1136 3646 οὲ
1167 3580 1244 3660 στάς
1267 3608 1300 3648 τε
1326 3586 1380 3648 καὶ

258 3679 470 3771 παυσάμενος
508 3682 635 3772 πλάνης
673 3681 850 3771 μάχεσθαι·
894 3685 922 3750 εἰ
957 3686 991 3751 δὲ
1026 3683 1262 3769 συγγινώσκεαι
1297 3682 1382 3750 rivae

258 3784 381 3875 ἥσσον’,
405 3786 444 3854 σο
470 3790 574 3855 δὲκαὶ
593 3783 684 3854 οὕτω
701 3785 912 3873 παυσάμενος
935 3794 996 3853 τοῦ
1021 3783 1148 3874 δρόμον
1173 3782 1317 3872 δισιιότγγ
1334 3793 1381 3873 rqi

259 3896 307 3977 uqi
338 3893 429 3976 δῶρα
461 3894 572 3976 φέροιο
595 3896 656 3978 γῆν
679 3917 713 3956 τι
745 3895 800 3957 καὶ
835 3883 926 3976 ὕδωρ
950 3891 1030 3956 ἐλθὲ
1053 3890 1085 3966 ἐς
1106 3887 1236 3974 λόγους.
1282 3899 1382 3975 Atque

258 4002 451 4062 Abichtius
489 4002 612 4061 voculas
650 3996 757 4059 τῶνδε
799 3988 840 4058 τὰ
878 3991 973 4077 ἕτερα
1010 4001 1051 4059 sic
1091 4001 1316 4077 iuterpretatur,
1351 4005 1383 4062 ut

258 4099 365 4163 τῶνδε
397 4105 434 4165 ad
467 4100 529 4162 τοῦ
553 4097 615 4162 αἰεὶ
641 4094 777 4182 ‹pa-nysa>
807 4103 918 4163 referat
948 4122 983 4162 ac
1013 4103 1105 4162 verba
1132 4091 1174 4160 τὰ
1196 4094 1291 4181 ἕτερα
1315 4123 1381 4164 ver·

258 4208 351 4268 tenda
383 4225 449 4268 esse
484 4212 605 4268 censeat
631 4206 704 4281 „das
728 4204 913 4284 ecgenrcir.
957 4207 1071 4267 Vereor
1101 4211 1134 4266 ut
1163 4205 1220 4266 hcc
1247 4211 1328 4268 recte
1351 4225 1382 4268 se
