<?xml version="1.0" encoding="UTF-8"?>
<!DOCTYPE html PUBLIC "-//W3C//DTD XHTML 1.0 Transitional//EN"
    "http://www.w3.org/TR/xhtml1/DTD/xhtml1-transitional.dtd">
<html xmlns="http://www.w3.org/1999/xhtml" xml:lang="en" lang="en">
 <head>
  <title>
</title>
<meta http-equiv="Content-Type" content="text/html;charset=utf-8" />
  <meta name='ocr-system' content='tesseract 3.04.00' />
  <meta name='ocr-capabilities' content='ocr_page ocr_carea ocr_par ocr_line ocrx_word'/>
</head>
<body>
  <div class='ocr_page' id='page_1' title='image "./decomparativicu00erxlgoog_0050.png"; bbox 0 0 3104 4860; ppageno 0'>
   <div class='ocr_carea' id='block_1_1' title="bbox 1280 298 1320 353">
    <p class='ocr_par' dir='ltr' id='par_1_1' title="bbox 1280 298 1320 353">
     <span class='ocr_line' id='line_1_1' title="bbox 1280 298 1320 353; baseline 0 0"><span class='ocrx_word' id='word_1_1' title='bbox 1280 298 1320 353; x_wconf 84' lang='lat'><strong>45</strong></span> 
     </span>
    </p>
   </div>
   <div class='ocr_carea' id='block_1_2' title="bbox 199 445 1320 642">
    <p class='ocr_par' dir='ltr' id='par_1_2' title="bbox 199 445 1320 642">
     <span class='ocr_line' id='line_1_2' title="bbox 201 445 1320 541; baseline 0.001 -21"><span class='ocrx_word' id='word_1_2' title='bbox 201 446 336 538; x_wconf 75' lang='grc' dir='ltr'><em>ὤμοσαν</em></span> <span class='ocrx_word' id='word_1_3' title='bbox 358 445 403 538; x_wconf 81' lang='grc' dir='ltr'><strong>μη</strong></span> <span class='ocrx_word' id='word_1_4' title='bbox 425 455 508 538; x_wconf 85' lang='grc' dir='ltr'><em>πρὶν</em></span> <span class='ocrx_word' id='word_1_5' title='bbox 530 453 562 530; x_wconf 76' lang='grc' dir='ltr'><strong>ἐς</strong></span> <span class='ocrx_word' id='word_1_6' title='bbox 582 455 740 538; x_wconf 85' lang='grc' dir='ltr'><em>Φωκαίην</em></span> <span class='ocrx_word' id='word_1_7' title='bbox 763 447 856 538; x_wconf 79' lang='grc' dir='ltr'><em>ἥξειν</em></span> <span class='ocrx_word' id='word_1_8' title='bbox 878 455 959 539; x_wconf 80' lang='grc' dir='ltr'><em>πρὶν</em></span> <span class='ocrx_word' id='word_1_9' title='bbox 981 447 1002 541; x_wconf 74' lang='grc' dir='ltr'>ἢ</span> <span class='ocrx_word' id='word_1_10' title='bbox 1023 450 1085 520; x_wconf 86' lang='grc' dir='ltr'><em>τόν</em></span> <span class='ocrx_word' id='word_1_11' title='bbox 1100 451 1229 540; x_wconf 79' lang='grc' dir='ltr'><em>μύδρον</em></span> <span class='ocrx_word' id='word_1_12' title='bbox 1243 461 1320 521; x_wconf 85' lang='grc' dir='ltr'><em>τοῦ·</em></span> 
     </span>
     <span class='ocr_line' id='line_1_3' title="bbox 199 547 545 642; baseline 0.003 -22"><span class='ocrx_word' id='word_1_13' title='bbox 199 580 262 620; x_wconf 90' lang='grc' dir='ltr'><em>τον</em></span> <span class='ocrx_word' id='word_1_14' title='bbox 286 547 545 642; x_wconf 74' lang='grc' dir='ltr'><em>ἅναφανῆναι.38)</em></span> 
     </span>
    </p>
   </div>
   <div class='ocr_carea' id='block_1_3' title="bbox 200 732 1322 997">
    <p class='ocr_par' dir='ltr' id='par_1_3' title="bbox 200 732 1322 997">
     <span class='ocr_line' id='line_1_4' title="bbox 287 732 1322 814; baseline 0.004 -22"><span class='ocrx_word' id='word_1_15' title='bbox 287 732 318 804; x_wconf 82' lang='lat' dir='ltr'><strong>e)</strong></span> <span class='ocrx_word' id='word_1_16' title='bbox 343 735 401 792; x_wconf 90' lang='lat' dir='ltr'><strong>lam</strong></span> <span class='ocrx_word' id='word_1_17' title='bbox 419 734 622 794; x_wconf 81' lang='lat' dir='ltr'><strong>disserendum</strong></span> <span class='ocrx_word' id='word_1_18' title='bbox 648 743 692 794; x_wconf 79' lang='lat' dir='ltr'><strong>esi.</strong></span> <span class='ocrx_word' id='word_1_19' title='bbox 715 735 800 793; x_wconf 88' lang='lat' dir='ltr'>uobis</span> <span class='ocrx_word' id='word_1_20' title='bbox 824 734 860 792; x_wconf 85' lang='lat' dir='ltr'><strong>de</strong></span> <span class='ocrx_word' id='word_1_21' title='bbox 884 735 956 794; x_wconf 80' lang='lat' dir='ltr'><strong>loeis</strong></span> <span class='ocrx_word' id='word_1_22' title='bbox 979 735 1101 811; x_wconf 79' lang='lat' dir='ltr'>aliquot,</span> <span class='ocrx_word' id='word_1_23' title='bbox 1124 737 1232 813; x_wconf 81' lang='lat' dir='ltr'><strong>quibua</strong></span> <span class='ocrx_word' id='word_1_24' title='bbox 1254 742 1322 814; x_wconf 86' lang='lat' dir='ltr'><strong>post</strong></span> 
     </span>
     <span class='ocr_line' id='line_1_5' title="bbox 200 821 1321 915; baseline 0.002 -20"><span class='ocrx_word' id='word_1_25' title='bbox 200 837 432 912; x_wconf 78' lang='lat' dir='ltr'><strong>comparativum</strong></span> <span class='ocrx_word' id='word_1_26' title='bbox 464 822 484 913; x_wconf 80' lang='grc' dir='ltr'><em>ἥ</em></span> <span class='ocrx_word' id='word_1_27' title='bbox 516 837 681 913; x_wconf 79' lang='lat' dir='ltr'><strong>particulae</strong></span> <span class='ocrx_word' id='word_1_28' title='bbox 704 829 786 915; x_wconf 65' lang='grc' dir='ltr'><strong>,καί</strong></span> <span class='ocrx_word' id='word_1_29' title='bbox 810 842 862 896; x_wconf 85' lang='lat' dir='ltr'><strong>aut</strong></span> <span class='ocrx_word' id='word_1_30' title='bbox 885 821 939 914; x_wconf 58' lang='grc' dir='ltr'><strong>,οὗ</strong></span> <span class='ocrx_word' id='word_1_31' title='bbox 962 830 1030 894; x_wconf 83' lang='grc' dir='ltr'><em>καί’</em></span> <span class='ocrx_word' id='word_1_32' title='bbox 1061 839 1187 897; x_wconf 88' lang='lat' dir='ltr'><strong>voeuiae</strong></span> <span class='ocrx_word' id='word_1_33' title='bbox 1218 839 1321 898; x_wconf 85' lang='lat' dir='ltr'><strong>adiuu-</strong></span> 
     </span>
     <span class='ocr_line' id='line_1_6' title="bbox 200 944 367 997; baseline -0.006 0"><span class='ocrx_word' id='word_1_34' title='bbox 200 944 266 997; x_wconf 84' lang='lat' dir='ltr'><strong>etae</strong></span> <span class='ocrx_word' id='word_1_35' title='bbox 289 945 367 997; x_wconf 81' lang='lat' dir='ltr'>suni.</span> 
     </span>
    </p>
   </div>
   <div class='ocr_carea' id='block_1_4' title="bbox 198 1044 1322 1340">
    <p class='ocr_par' dir='ltr' id='par_1_4' title="bbox 198 1044 1322 1340">
     <span class='ocr_line' id='line_1_7' title="bbox 284 1044 1321 1137; baseline 0.003 -22"><span class='ocrx_word' id='word_1_36' title='bbox 284 1056 317 1130; x_wconf 83' lang='grc' dir='ltr'><strong>α)</strong></span> <span class='ocrx_word' id='word_1_37' title='bbox 347 1059 448 1134; x_wconf 77' lang='lat' dir='ltr'><strong>Atque</strong></span> <span class='ocrx_word' id='word_1_38' title='bbox 477 1044 497 1137; x_wconf 76' lang='grc' dir='ltr'>ἢ</span> <span class='ocrx_word' id='word_1_39' title='bbox 528 1053 639 1131; x_wconf 65' lang='lat' dir='ltr'><strong>aelii)</strong></span> <span class='ocrx_word' id='word_1_40' title='bbox 670 1063 736 1136; x_wconf 81' lang='lat' dir='ltr'><strong>post</strong></span> <span class='ocrx_word' id='word_1_41' title='bbox 766 1079 861 1136; x_wconf 86' lang='lat' dir='ltr'>eomp.</span> <span class='ocrx_word' id='word_1_42' title='bbox 891 1059 982 1119; x_wconf 81' lang='lat' dir='ltr'><strong>semei</strong></span> <span class='ocrx_word' id='word_1_43' title='bbox 1019 1059 1099 1135; x_wconf 88' lang='lat' dir='ltr'><strong>apud</strong></span> <span class='ocrx_word' id='word_1_44' title='bbox 1136 1060 1321 1120; x_wconf 83' lang='lat' dir='ltr'>Herodotum</span> 
     </span>
     <span class='ocr_line' id='line_1_8' title="bbox 199 1145 1322 1240; baseline 0.002 -22"><span class='ocrx_word' id='word_1_45' title='bbox 199 1166 309 1219; x_wconf 77' lang='lat' dir='ltr'><strong>exstat:</strong></span> <span class='ocrx_word' id='word_1_46' title='bbox 337 1161 388 1233; x_wconf 85' lang='lat' dir='ltr'><strong>IV,</strong></span> <span class='ocrx_word' id='word_1_47' title='bbox 413 1165 513 1235; x_wconf 66' lang='lat' dir='ltr'><strong>laub</strong></span> <span class='ocrx_word' id='word_1_48' title='bbox 538 1145 619 1219; x_wconf 70' lang='grc' dir='ltr'><strong>οὐδὲ</strong></span> <span class='ocrx_word' id='word_1_49' title='bbox 640 1179 672 1219; x_wconf 92' lang='grc' dir='ltr'><strong>τι</strong></span> <span class='ocrx_word' id='word_1_50' title='bbox 696 1151 863 1239; x_wconf 82' lang='grc' dir='ltr'><em>νεώτερόν</em></span> <span class='ocrx_word' id='word_1_51' title='bbox 885 1155 950 1240; x_wconf 82' lang='grc' dir='ltr'><strong>εἰμι</strong></span> <span class='ocrx_word' id='word_1_52' title='bbox 972 1146 1114 1239; x_wconf 75' lang='grc' dir='ltr'><strong><em>ποιήσας</em></strong></span> <span class='ocrx_word' id='word_1_53' title='bbox 1136 1159 1201 1220; x_wconf 76' lang='grc' dir='ltr'><strong>νῦν</strong></span> <span class='ocrx_word' id='word_1_54' title='bbox 1222 1149 1243 1240; x_wconf 82' lang='grc' dir='ltr'><em>ἢ</em></span> <span class='ocrx_word' id='word_1_55' title='bbox 1266 1158 1322 1220; x_wconf 85' lang='grc' dir='ltr'><strong>καὶ</strong></span> 
     </span>
     <span class='ocr_line' id='line_1_9' title="bbox 198 1251 665 1340; baseline 0 -20"><span class='ocrx_word' id='word_1_56' title='bbox 198 1255 235 1320; x_wconf 79' lang='grc' dir='ltr'><em>ἐν</em></span> <span class='ocrx_word' id='word_1_57' title='bbox 257 1251 370 1340; x_wconf 86' lang='grc' dir='ltr'><em>εἰρήνη</em></span> <span class='ocrx_word' id='word_1_58' title='bbox 393 1252 503 1320; x_wconf 71' lang='grc' dir='ltr'><em>ἐώθεα</em></span> <span class='ocrx_word' id='word_1_59' title='bbox 528 1257 665 1322; x_wconf 85' lang='grc' dir='ltr'><em>ποιέειν.</em></span> 
     </span>
    </p>
   </div>
   <div class='ocr_carea' id='block_1_5' title="bbox 193 1367 1329 3714">
    <p class='ocr_par' dir='ltr' id='par_1_5' title="bbox 197 1367 1323 1562">
     <span class='ocr_line' id='line_1_10' title="bbox 284 1367 1323 1462; baseline -0.001 -20"><span class='ocrx_word' id='word_1_60' title='bbox 284 1379 316 1455; x_wconf 82' lang='grc' dir='ltr'><strong>β)</strong></span> <span class='ocrx_word' id='word_1_61' title='bbox 339 1382 513 1458; x_wconf 82' lang='lat' dir='ltr'>Sequuntur</span> <span class='ocrx_word' id='word_1_62' title='bbox 543 1384 600 1442; x_wconf 87' lang='lat' dir='ltr'><strong>tria</strong></span> <span class='ocrx_word' id='word_1_63' title='bbox 631 1385 774 1461; x_wconf 78' lang='lat' dir='ltr'><strong>exempla,</strong></span> <span class='ocrx_word' id='word_1_64' title='bbox 807 1403 883 1460; x_wconf 89' lang='lat' dir='ltr'><strong>quae</strong></span> <span class='ocrx_word' id='word_1_65' title='bbox 913 1370 934 1462; x_wconf 80' lang='grc' dir='ltr'><strong><em>ἢ</em></strong></span> <span class='ocrx_word' id='word_1_66' title='bbox 957 1369 1005 1442; x_wconf 72' lang='grc' dir='ltr'><strong>οὐ</strong></span> <span class='ocrx_word' id='word_1_67' title='bbox 1027 1378 1092 1441; x_wconf 87' lang='grc' dir='ltr'><strong>καί</strong></span> <span class='ocrx_word' id='word_1_68' title='bbox 1124 1389 1192 1461; x_wconf 82' lang='lat' dir='ltr'><strong>poet</strong></span> <span class='ocrx_word' id='word_1_69' title='bbox 1220 1367 1323 1442; x_wconf 68' lang='grc' dir='ltr'><em>οὐδὲν</em></span> 
     </span>
     <span class='ocr_line' id='line_1_11' title="bbox 197 1481 704 1562; baseline 0.004 -19"><span class='ocrx_word' id='word_1_70' title='bbox 197 1481 325 1562; x_wconf 87' lang='grc' dir='ltr'><em>μᾶλλον</em></span> <span class='ocrx_word' id='word_1_71' title='bbox 346 1486 473 1562; x_wconf 82' lang='lat' dir='ltr'><strong>positum</strong></span> <span class='ocrx_word' id='word_1_72' title='bbox 498 1485 704 1559; x_wconf 79' lang='lat' dir='ltr'><strong>exhibeutt⁴⁰)</strong></span> 
     </span>
    </p>

    <p class='ocr_par' dir='ltr' id='par_1_6' title="bbox 193 1573 1329 3302">
     <span class='ocr_line' id='line_1_12' title="bbox 283 1573 1322 1668; baseline 0.001 -23"><span class='ocrx_word' id='word_1_73' title='bbox 283 1588 332 1662; x_wconf 85' lang='lat' dir='ltr'><strong>lv,</strong></span> <span class='ocrx_word' id='word_1_74' title='bbox 357 1592 483 1663; x_wconf 88' lang='grc'>118,14</span> <span class='ocrx_word' id='word_1_75' title='bbox 513 1573 587 1666; x_wconf 81' lang='grc' dir='ltr'><strong>ἥκει</strong></span> <span class='ocrx_word' id='word_1_76' title='bbox 616 1578 676 1666; x_wconf 79' lang='grc' dir='ltr'><strong>γὰρ</strong></span> <span class='ocrx_word' id='word_1_77' title='bbox 708 1575 726 1646; x_wconf 83' lang='grc' dir='ltr'>ὁ</span> <span class='ocrx_word' id='word_1_78' title='bbox 760 1582 889 1668; x_wconf 80' lang='grc' dir='ltr'><em>Πέρσης</em></span> <span class='ocrx_word' id='word_1_79' title='bbox 917 1575 1018 1648; x_wconf 76' lang='grc' dir='ltr'><em>οὐδέν</em></span> <span class='ocrx_word' id='word_1_80' title='bbox 1048 1607 1081 1646; x_wconf 96' lang='grc' dir='ltr'><strong>τι</strong></span> <span class='ocrx_word' id='word_1_81' title='bbox 1111 1586 1240 1666; x_wconf 85' lang='grc' dir='ltr'><em>μᾶλλον</em></span> <span class='ocrx_word' id='word_1_82' title='bbox 1270 1574 1322 1647; x_wconf 77' lang='grc' dir='ltr'><strong>ἐπ’</strong></span> 
     </span>
     <span class='ocr_line' id='line_1_13' title="bbox 197 1673 1323 1770; baseline 0 -22"><span class='ocrx_word' id='word_1_83' title='bbox 197 1673 297 1768; x_wconf 73' lang='grc' dir='ltr'><em>ἡμέας</em></span> <span class='ocrx_word' id='word_1_84' title='bbox 325 1676 345 1768; x_wconf 80' lang='grc' dir='ltr'>ἢ</span> <span class='ocrx_word' id='word_1_85' title='bbox 368 1675 408 1748; x_wconf 76' lang='grc' dir='ltr'><strong>οὗ</strong></span> <span class='ocrx_word' id='word_1_86' title='bbox 432 1685 488 1748; x_wconf 84' lang='grc' dir='ltr'><strong>καὶ</strong></span> <span class='ocrx_word' id='word_1_87' title='bbox 510 1674 562 1748; x_wconf 79' lang='grc' dir='ltr'><strong>ἐπ’</strong></span> <span class='ocrx_word' id='word_1_88' title='bbox 587 1678 701 1767; x_wconf 77' lang='grc' dir='ltr'><em>ὑμέας,</em></span> <span class='ocrx_word' id='word_1_89' title='bbox 725 1676 805 1749; x_wconf 73' lang='grc' dir='ltr'><em>οὐδέ</em></span> <span class='ocrx_word' id='word_1_90' title='bbox 826 1683 858 1748; x_wconf 82' lang='lat' dir='ltr'><strong>oi</strong></span> <span class='ocrx_word' id='word_1_91' title='bbox 881 1677 1078 1770; x_wconf 82' lang='grc' dir='ltr'><strong><em>καταχρήσει</em></strong></span> <span class='ocrx_word' id='word_1_92' title='bbox 1101 1679 1201 1770; x_wconf 72' lang='grc' dir='ltr'><em>ἡμέας</em></span> <span class='ocrx_word' id='word_1_93' title='bbox 1223 1707 1323 1748; x_wconf 86' lang='grc' dir='ltr'><em>κατα-</em></span> 
     </span>
     <span class='ocr_line' id='line_1_14' title="bbox 199 1777 1323 1869; baseline 0.002 -20"><span class='ocrx_word' id='word_1_94' title='bbox 199 1778 419 1869; x_wconf 75' lang='grc' dir='ltr'><em>στρεψαμένῳ</em></span> <span class='ocrx_word' id='word_1_95' title='bbox 445 1780 552 1869; x_wconf 75' lang='grc' dir='ltr'><em>ὖμίων</em></span> <span class='ocrx_word' id='word_1_96' title='bbox 575 1777 758 1869; x_wconf 72' lang='grc' dir='ltr'><em>ἀπέχεσθαι</em></span> <span class='ocrx_word' id='word_1_97' title='bbox 781 1818 822 1838; x_wconf 94' lang='lat'>=</span> <span class='ocrx_word' id='word_1_98' title='bbox 849 1794 953 1865; x_wconf 87' lang='lat' dir='ltr'><strong>„Denn</strong></span> <span class='ocrx_word' id='word_1_99' title='bbox 977 1811 1009 1852; x_wconf 87' lang='lat' dir='ltr'><strong>ea</strong></span> <span class='ocrx_word' id='word_1_100' title='bbox 1032 1795 1111 1853; x_wconf 80' lang='lat' dir='ltr'><strong>ziehi</strong></span> <span class='ocrx_word' id='word_1_101' title='bbox 1140 1794 1193 1853; x_wconf 85' lang='lat' dir='ltr'><strong>der</strong></span> <span class='ocrx_word' id='word_1_102' title='bbox 1215 1795 1323 1853; x_wconf 82' lang='lat' dir='ltr'><strong>Perser</strong></span> 
     </span>
     <span class='ocr_line' id='line_1_15' title="bbox 198 1895 1322 1973; baseline 0 -21"><span class='ocrx_word' id='word_1_103' title='bbox 198 1913 246 1952; x_wconf 89' lang='lat' dir='ltr'><strong>um</strong></span> <span class='ocrx_word' id='word_1_104' title='bbox 278 1895 375 1953; x_wconf 81' lang='lat' dir='ltr'><strong>uiehia</strong></span> <span class='ocrx_word' id='word_1_105' title='bbox 398 1896 482 1953; x_wconf 87' lang='lat' dir='ltr'><strong>mehr</strong></span> <span class='ocrx_word' id='word_1_106' title='bbox 511 1913 609 1972; x_wconf 83' lang='lat' dir='ltr'><strong>gegeu</strong></span> <span class='ocrx_word' id='word_1_107' title='bbox 632 1913 697 1967; x_wconf 84' lang='lat' dir='ltr'><strong>una,</strong></span> <span class='ocrx_word' id='word_1_108' title='bbox 727 1895 773 1953; x_wconf 83' lang='lat' dir='ltr'><strong>als</strong></span> <span class='ocrx_word' id='word_1_109' title='bbox 804 1895 886 1953; x_wconf 86' lang='lat' dir='ltr'><strong>nieht</strong></span> <span class='ocrx_word' id='word_1_110' title='bbox 916 1897 993 1954; x_wconf 86' lang='lat' dir='ltr'><strong>aueh</strong></span> <span class='ocrx_word' id='word_1_111' title='bbox 1016 1914 1111 1973; x_wconf 84' lang='lat' dir='ltr'><strong>gegeu</strong></span> <span class='ocrx_word' id='word_1_112' title='bbox 1136 1896 1224 1969; x_wconf 86' lang='lat' dir='ltr'><strong>eueir,</strong></span> <span class='ocrx_word' id='word_1_113' title='bbox 1251 1895 1279 1953; x_wconf 91' lang='lat' dir='ltr'><strong>d.</strong></span> <span class='ocrx_word' id='word_1_114' title='bbox 1295 1896 1322 1953; x_wconf 88' lang='lat' dir='ltr'><strong>h.</strong></span> 
     </span>
     <span class='ocr_line' id='line_1_16' title="bbox 198 1996 1323 2074; baseline 0.001 -19"><span class='ocrx_word' id='word_1_115' title='bbox 198 1997 387 2056; x_wconf 84' lang='lat' dir='ltr'><strong>ebeusowoiri</strong></span> <span class='ocrx_word' id='word_1_116' title='bbox 417 2015 513 2074; x_wconf 85' lang='lat' dir='ltr'><strong>gagen</strong></span> <span class='ocrx_word' id='word_1_117' title='bbox 546 1996 620 2056; x_wconf 86' lang='lat' dir='ltr'><strong>eueh</strong></span> <span class='ocrx_word' id='word_1_118' title='bbox 653 1997 697 2055; x_wconf 84' lang='lat' dir='ltr'><strong>als</strong></span> <span class='ocrx_word' id='word_1_119' title='bbox 726 2015 822 2073; x_wconf 83' lang='lat' dir='ltr'><strong>gegen</strong></span> <span class='ocrx_word' id='word_1_120' title='bbox 853 1997 934 2056; x_wconf 85' lang='lat' dir='ltr'>uus.“</span> <span class='ocrx_word' id='word_1_121' title='bbox 991 1999 1126 2074; x_wconf 79' lang='lat' dir='ltr'><strong>Apparet</strong></span> <span class='ocrx_word' id='word_1_122' title='bbox 1156 1997 1233 2056; x_wconf 87' lang='lat' dir='ltr'><strong>enim</strong></span> <span class='ocrx_word' id='word_1_123' title='bbox 1267 1999 1323 2056; x_wconf 88' lang='lat' dir='ltr'><strong>hae</strong></span> 
     </span>
     <span class='ocr_line' id='line_1_17' title="bbox 198 2088 1324 2177; baseline 0.001 -20"><span class='ocrx_word' id='word_1_124' title='bbox 198 2099 348 2159; x_wconf 79' lang='lat' dir='ltr'><strong>locutione</strong></span> <span class='ocrx_word' id='word_1_125' title='bbox 378 2099 503 2158; x_wconf 84' lang='lat' dir='ltr'><strong>alterum</strong></span> <span class='ocrx_word' id='word_1_126' title='bbox 536 2103 740 2176; x_wconf 77' lang='lat' dir='ltr'><strong>comparatum</strong></span> <span class='ocrx_word' id='word_1_127' title='bbox 763 2099 933 2171; x_wconf 81' lang='lat' dir='ltr'>membrum,</span> <span class='ocrx_word' id='word_1_128' title='bbox 963 2100 1042 2175; x_wconf 87' lang='lat' dir='ltr'>quod</span> <span class='ocrx_word' id='word_1_129' title='bbox 1067 2118 1121 2177; x_wconf 88' lang='lat' dir='ltr'><strong>per</strong></span> <span class='ocrx_word' id='word_1_130' title='bbox 1143 2088 1164 2176; x_wconf 76' lang='grc' dir='ltr'><em>ἦ</em></span> <span class='ocrx_word' id='word_1_131' title='bbox 1188 2098 1324 2173; x_wconf 80' lang='lat' dir='ltr'><strong>efficitur,</strong></span> 
     </span>
     <span class='ocr_line' id='line_1_18' title="bbox 199 2199 1323 2278; baseline 0.002 -19"><span class='ocrx_word' id='word_1_132' title='bbox 199 2202 292 2277; x_wconf 83' lang='lat' dir='ltr'><strong>magia</strong></span> <span class='ocrx_word' id='word_1_133' title='bbox 322 2203 434 2278; x_wconf 86' lang='lat' dir='ltr'><strong>efferri;</strong></span> <span class='ocrx_word' id='word_1_134' title='bbox 464 2201 541 2260; x_wconf 75' lang='lat' dir='ltr'><strong>auso</strong></span> <span class='ocrx_word' id='word_1_135' title='bbox 575 2201 665 2278; x_wconf 84' lang='lat' dir='ltr'><strong>igitur</strong></span> <span class='ocrx_word' id='word_1_136' title='bbox 689 2202 853 2261; x_wconf 79' lang='lat' dir='ltr'><strong>Kirhuerus</strong></span> <span class='ocrx_word' id='word_1_137' title='bbox 881 2201 937 2278; x_wconf 84' lang='lat' dir='ltr'><strong>(gr.</strong></span> <span class='ocrx_word' id='word_1_138' title='bbox 960 2202 1063 2273; x_wconf 79' lang='lat'>§516‚</span> <span class='ocrx_word' id='word_1_139' title='bbox 1081 2199 1112 2275; x_wconf 84' lang='grc'><strong>6)</strong></span> <span class='ocrx_word' id='word_1_140' title='bbox 1136 2204 1208 2261; x_wconf 87' lang='lat' dir='ltr'><strong>iraee</strong></span> <span class='ocrx_word' id='word_1_141' title='bbox 1231 2203 1323 2262; x_wconf 89' lang='lat' dir='ltr'><strong>verba</strong></span> 
     </span>
     <span class='ocr_line' id='line_1_19' title="bbox 198 2303 1323 2380; baseline 0.002 -19"><span class='ocrx_word' id='word_1_142' title='bbox 198 2305 240 2362; x_wconf 84' lang='lat' dir='ltr'><strong>aie</strong></span> <span class='ocrx_word' id='word_1_143' title='bbox 268 2306 368 2363; x_wconf 79' lang='lat' dir='ltr'><strong>veri-it:</strong></span> <span class='ocrx_word' id='word_1_144' title='bbox 400 2304 531 2372; x_wconf 82' lang='lat' dir='ltr'><strong>„ebenae</strong></span> <span class='ocrx_word' id='word_1_145' title='bbox 558 2308 611 2378; x_wconf 83' lang='lat' dir='ltr'><strong>gui</strong></span> <span class='ocrx_word' id='word_1_146' title='bbox 639 2323 735 2379; x_wconf 83' lang='lat' dir='ltr'><strong>gegeu</strong></span> <span class='ocrx_word' id='word_1_147' title='bbox 764 2321 820 2362; x_wconf 83' lang='lat' dir='ltr'><strong>uus</strong></span> <span class='ocrx_word' id='word_1_148' title='bbox 844 2305 899 2363; x_wconf 85' lang='lat' dir='ltr'><strong>wie</strong></span> <span class='ocrx_word' id='word_1_149' title='bbox 928 2323 1022 2380; x_wconf 84' lang='lat' dir='ltr'><strong>gagen</strong></span> <span class='ocrx_word' id='word_1_150' title='bbox 1047 2304 1150 2363; x_wconf 82' lang='lat' dir='ltr'><strong>eueh.“</strong></span> <span class='ocrx_word' id='word_1_151' title='bbox 1196 2303 1265 2363; x_wconf 85' lang='lat' dir='ltr'>Sim.</span> <span class='ocrx_word' id='word_1_152' title='bbox 1290 2307 1323 2380; x_wconf 86' lang='lat' dir='ltr'><strong>V,</strong></span> 
     </span>
     <span class='ocr_line' id='line_1_20' title="bbox 200 2390 1323 2485; baseline -0.003 -19"><span class='ocrx_word' id='word_1_153' title='bbox 200 2409 300 2482; x_wconf 84' lang='grc'>94,13</span> <span class='ocrx_word' id='word_1_154' title='bbox 330 2395 511 2482; x_wconf 77' lang='grc' dir='ltr'><em>ἐπολέμεον</em></span> <span class='ocrx_word' id='word_1_155' title='bbox 534 2395 595 2483; x_wconf 81' lang='grc' dir='ltr'><strong>γὰρ</strong></span> <span class='ocrx_word' id='word_1_156' title='bbox 695 2401 918 2484; x_wconf 85' lang='grc' dir='ltr'><em>Μυτιληναῖοί</em></span> <span class='ocrx_word' id='word_1_157' title='bbox 946 2424 981 2464; x_wconf 83' lang='grc' dir='ltr'><strong>τε</strong></span> <span class='ocrx_word' id='word_1_158' title='bbox 1010 2401 1063 2463; x_wconf 81' lang='grc' dir='ltr'><strong>καὶ</strong></span> <span class='ocrx_word' id='word_1_159' title='bbox 1087 2390 1267 2485; x_wconf 76' lang='grc' dir='ltr'><em>Ἀθηναῖοι,</em></span> <span class='ocrx_word' id='word_1_160' title='bbox 1291 2399 1323 2463; x_wconf 84' lang='grc' dir='ltr'><strong>σί</strong></span> 
     </span>
     <span class='ocr_line' id='line_1_21' title="bbox 197 2493 1322 2586; baseline 0 -20"><span class='ocrx_word' id='word_1_161' title='bbox 197 2504 258 2584; x_wconf 74' lang='grc' dir='ltr'><em>μὲν</em></span> <span class='ocrx_word' id='word_1_162' title='bbox 281 2493 497 2578; x_wconf 78' lang='grc' dir='ltr'><em>ἀπαιτέοντες</em></span> <span class='ocrx_word' id='word_1_163' title='bbox 520 2493 582 2584; x_wconf 78' lang='grc' dir='ltr'><em>την</em></span> <span class='ocrx_word' id='word_1_164' title='bbox 603 2493 727 2586; x_wconf 81' lang='grc' dir='ltr'><em>χώρην,</em></span> <span class='ocrx_word' id='word_1_165' title='bbox 749 2493 920 2586; x_wconf 80' lang='grc' dir='ltr'><em>Ἀθηναῖοι</em></span> <span class='ocrx_word' id='word_1_166' title='bbox 943 2503 977 2566; x_wconf 75' lang='grc' dir='ltr'><strong>δὲ</strong></span> <span class='ocrx_word' id='word_1_167' title='bbox 1001 2493 1080 2565; x_wconf 80' lang='grc' dir='ltr'><em>οὔτε</em></span> <span class='ocrx_word' id='word_1_168' title='bbox 1100 2498 1322 2584; x_wconf 82' lang='grc' dir='ltr'><em>συγγινωσκό-</em></span> 
     </span>
     <span class='ocr_line' id='line_1_22' title="bbox 196 2594 1323 2693; baseline -0.001 -26"><span class='ocrx_word' id='word_1_169' title='bbox 196 2609 292 2687; x_wconf 82' lang='grc' dir='ltr'><em>μενοι</em></span> <span class='ocrx_word' id='word_1_170' title='bbox 315 2595 576 2679; x_wconf 73' lang='grc' dir='ltr'><em>ἀποδεικνύντες</em></span> <span class='ocrx_word' id='word_1_171' title='bbox 599 2627 633 2666; x_wconf 87' lang='grc' dir='ltr'><strong>τε</strong></span> <span class='ocrx_word' id='word_1_172' title='bbox 652 2599 740 2686; x_wconf 78' lang='grc' dir='ltr'><em>λόγῳ</em></span> <span class='ocrx_word' id='word_1_173' title='bbox 756 2594 857 2667; x_wconf 79' lang='grc' dir='ltr'><em>ουἰίὲν</em></span> <span class='ocrx_word' id='word_1_174' title='bbox 880 2605 1013 2686; x_wconf 81' lang='grc' dir='ltr'><em>μᾶλλον</em></span> <span class='ocrx_word' id='word_1_175' title='bbox 1029 2602 1188 2693; x_wconf 80' lang='grc' dir='ltr'><em>Αίολεῦρι</em></span> <span class='ocrx_word' id='word_1_176' title='bbox 1203 2596 1323 2687; x_wconf 82' lang='grc' dir='ltr'><em>μετεὸν</em></span> 
     </span>
     <span class='ocr_line' id='line_1_23' title="bbox 199 2697 1322 2792; baseline 0 -22"><span class='ocrx_word' id='word_1_177' title='bbox 199 2707 257 2790; x_wconf 81' lang='grc' dir='ltr'><strong>τῆς</strong></span> <span class='ocrx_word' id='word_1_178' title='bbox 286 2697 421 2782; x_wconf 76' lang='grc' dir='ltr'><strong><em>Ἰλιάδας</em></strong></span> <span class='ocrx_word' id='word_1_179' title='bbox 441 2702 550 2792; x_wconf 73' lang='grc' dir='ltr'><em>χώρης</em></span> <span class='ocrx_word' id='word_1_180' title='bbox 573 2699 593 2790; x_wconf 80' lang='grc' dir='ltr'><em>ἢ</em></span> <span class='ocrx_word' id='word_1_181' title='bbox 617 2697 659 2769; x_wconf 62' lang='grc' dir='ltr'><strong>οιζ</strong></span> <span class='ocrx_word' id='word_1_182' title='bbox 689 2707 745 2769; x_wconf 89' lang='grc' dir='ltr'><strong>καὶ</strong></span> <span class='ocrx_word' id='word_1_183' title='bbox 768 2706 860 2785; x_wconf 81' lang='grc' dir='ltr'><em>σφίσι</em></span> <span class='ocrx_word' id='word_1_184' title='bbox 888 2707 945 2770; x_wconf 83' lang='grc' dir='ltr'><strong>καὶ</strong></span> <span class='ocrx_word' id='word_1_185' title='bbox 967 2719 1055 2772; x_wconf 83' lang='grc' dir='ltr'><em>τοῖσι</em></span> <span class='ocrx_word' id='word_1_186' title='bbox 1079 2699 1217 2785; x_wconf 72' lang='grc' dir='ltr'><strong>ἄλλοισι,</strong></span> <span class='ocrx_word' id='word_1_187' title='bbox 1249 2697 1322 2771; x_wconf 79' lang='grc' dir='ltr'><strong>ὅσοι</strong></span> 
     </span>
     <span class='ocr_line' id='line_1_24' title="bbox 193 2801 1323 2894; baseline -0.001 -21"><span class='ocrx_word' id='word_1_188' title='bbox 193 2802 362 2893; x_wconf 73' lang='grc' dir='ltr'><em>Ἑλλήνων</em></span> <span class='ocrx_word' id='word_1_189' title='bbox 386 2804 637 2894; x_wconf 74' lang='grc' dir='ltr'><strong>συνεπρήξαντο</strong></span> <span class='ocrx_word' id='word_1_190' title='bbox 654 2804 812 2892; x_wconf 70' lang='grc' dir='ltr'><em>Μενέλεῳ</em></span> <span class='ocrx_word' id='word_1_191' title='bbox 834 2801 894 2884; x_wconf 75' lang='grc' dir='ltr'><strong>τὰς</strong></span> <span class='ocrx_word' id='word_1_192' title='bbox 910 2803 1043 2894; x_wconf 76' lang='grc' dir='ltr'><em>Ἑλένης</em></span> <span class='ocrx_word' id='word_1_193' title='bbox 1067 2802 1223 2892; x_wconf 76' lang='grc' dir='ltr'><em>ἁρπαγάς.</em></span> <span class='ocrx_word' id='word_1_194' title='bbox 1260 2815 1323 2890; x_wconf 86' lang='lat' dir='ltr'><strong>VH,</strong></span> 
     </span>
     <span class='ocr_line' id='line_1_25' title="bbox 202 2901 1329 2995; baseline -0.003 -18"><span class='ocrx_word' id='word_1_195' title='bbox 202 2923 250 2995; x_wconf 79' lang='lat'><strong>16,</strong></span> <span class='ocrx_word' id='word_1_196' title='bbox 265 2922 327 2994; x_wconf 82' lang='grc' dir='ltr'><strong>γ,4</strong></span> <span class='ocrx_word' id='word_1_197' title='bbox 359 2913 504 2994; x_wconf 79' lang='grc' dir='ltr'><em>φανηται</em></span> <span class='ocrx_word' id='word_1_198' title='bbox 531 2911 564 2975; x_wconf 71' lang='grc' dir='ltr'><strong>δὲ</strong></span> <span class='ocrx_word' id='word_1_199' title='bbox 589 2901 692 2975; x_wconf 64' lang='lat' dir='ltr'><strong>oridia·</strong></span> <span class='ocrx_word' id='word_1_200' title='bbox 719 2907 850 2993; x_wconf 84' lang='grc' dir='ltr'><em>μᾶλλόν</em></span> <span class='ocrx_word' id='word_1_201' title='bbox 872 2935 927 2994; x_wconf 94' lang='grc' dir='ltr'><strong>μοι</strong></span> <span class='ocrx_word' id='word_1_202' title='bbox 952 2903 1079 2992; x_wconf 69' lang='grc' dir='ltr'><strong>ὀφείλει</strong></span> <span class='ocrx_word' id='word_1_203' title='bbox 1102 2919 1154 2988; x_wconf 79' lang='lat' dir='ltr'><strong>(se.</strong></span> <span class='ocrx_word' id='word_1_204' title='bbox 1178 2907 1329 2994; x_wconf 79' lang='grc' dir='ltr'><strong>ὄνειρον)Ι</strong></span> 
     </span>
     <span class='ocr_line' id='line_1_26' title="bbox 199 3005 1323 3099; baseline 0.002 -24"><span class='ocrx_word' id='word_1_205' title='bbox 199 3009 307 3096; x_wconf 83' lang='grc' dir='ltr'><em>ἔχοντι</em></span> <span class='ocrx_word' id='word_1_206' title='bbox 330 3008 392 3096; x_wconf 79' lang='grc' dir='ltr'><em>τὴν</em></span> <span class='ocrx_word' id='word_1_207' title='bbox 416 3009 476 3097; x_wconf 77' lang='grc' dir='ltr'><em>σὴν</em></span> <span class='ocrx_word' id='word_1_208' title='bbox 498 3011 625 3097; x_wconf 76' lang='grc' dir='ltr'><em>ἐσθῆτα</em></span> <span class='ocrx_word' id='word_1_209' title='bbox 648 3006 668 3097; x_wconf 81' lang='grc' dir='ltr'>ἢ</span> <span class='ocrx_word' id='word_1_210' title='bbox 692 3005 733 3077; x_wconf 80' lang='grc' dir='ltr'><strong>οὐ</strong></span> <span class='ocrx_word' id='word_1_211' title='bbox 755 3014 811 3077; x_wconf 86' lang='grc' dir='ltr'><strong>καὶ</strong></span> <span class='ocrx_word' id='word_1_212' title='bbox 833 3009 895 3098; x_wconf 85' lang='grc' dir='ltr'><em>τὴν</em></span> <span class='ocrx_word' id='word_1_213' title='bbox 918 3005 1008 3099; x_wconf 71' lang='grc' dir='ltr'><em>ἐμήν,</em></span> <span class='ocrx_word' id='word_1_214' title='bbox 1032 3006 1111 3079; x_wconf 80' lang='grc' dir='ltr'><strong>οιίίὲ</strong></span> <span class='ocrx_word' id='word_1_215' title='bbox 1138 3038 1170 3077; x_wconf 91' lang='grc' dir='ltr'><strong>τι</strong></span> <span class='ocrx_word' id='word_1_216' title='bbox 1192 3015 1323 3098; x_wconf 80' lang='grc' dir='ltr'><em>μᾶλλον</em></span> 
     </span>
     <span class='ocr_line' id='line_1_27' title="bbox 198 3106 1321 3199; baseline 0.001 -21"><span class='ocrx_word' id='word_1_217' title='bbox 198 3113 235 3178; x_wconf 78' lang='grc' dir='ltr'><em>ἐν</em></span> <span class='ocrx_word' id='word_1_218' title='bbox 262 3116 359 3198; x_wconf 85' lang='grc' dir='ltr'><em>κοίτη</em></span> <span class='ocrx_word' id='word_1_219' title='bbox 388 3118 429 3196; x_wconf 75' lang='grc' dir='ltr'><strong>τη</strong></span> <span class='ocrx_word' id='word_1_220' title='bbox 451 3118 490 3197; x_wconf 72' lang='grc' dir='ltr'><strong>σῇ</strong></span> <span class='ocrx_word' id='word_1_221' title='bbox 522 3106 769 3199; x_wconf 71' lang='grc' dir='ltr'><strong>ἀναπαυομένῳ</strong></span> <span class='ocrx_word' id='word_1_222' title='bbox 792 3108 811 3199; x_wconf 80' lang='grc' dir='ltr'>ἢ</span> <span class='ocrx_word' id='word_1_223' title='bbox 835 3109 876 3179; x_wconf 76' lang='grc' dir='ltr'><strong>οὐ</strong></span> <span class='ocrx_word' id='word_1_224' title='bbox 907 3117 962 3180; x_wconf 78' lang='grc' dir='ltr'><strong>καὶ</strong></span> <span class='ocrx_word' id='word_1_225' title='bbox 986 3115 1022 3180; x_wconf 72' lang='grc' dir='ltr'><em>ἐν</em></span> <span class='ocrx_word' id='word_1_226' title='bbox 1044 3120 1085 3198; x_wconf 75' lang='grc' dir='ltr'><strong>τη</strong></span> <span class='ocrx_word' id='word_1_227' title='bbox 1107 3115 1176 3199; x_wconf 73' lang='grc' dir='ltr'><em>ε’μη,</em></span> <span class='ocrx_word' id='word_1_228' title='bbox 1208 3115 1237 3178; x_wconf 79' lang='grc' dir='ltr'><strong>ελ</strong></span> <span class='ocrx_word' id='word_1_229' title='bbox 1258 3111 1321 3199; x_wconf 78' lang='grc' dir='ltr'><strong>ιιίρ</strong></span> 
     </span>
     <span class='ocr_line' id='line_1_28' title="bbox 198 3212 758 3302; baseline 0 -22"><span class='ocrx_word' id='word_1_230' title='bbox 198 3241 231 3300; x_wconf 83' lang='grc' dir='ltr'><strong>γε</strong></span> <span class='ocrx_word' id='word_1_231' title='bbox 256 3217 312 3281; x_wconf 83' lang='grc' dir='ltr'><strong>καὶ</strong></span> <span class='ocrx_word' id='word_1_232' title='bbox 335 3212 446 3293; x_wconf 82' lang='grc' dir='ltr'><em>ἄλλως</em></span> <span class='ocrx_word' id='word_1_233' title='bbox 468 3214 578 3282; x_wconf 77' lang='grc' dir='ltr'><strong>ε’θίλει</strong></span> <span class='ocrx_word' id='word_1_234' title='bbox 602 3221 758 3302; x_wconf 80' lang='grc' dir='ltr'><em>φανῆναι.</em></span> 
     </span>
    </p>

    <p class='ocr_par' dir='ltr' id='par_1_7' title="bbox 198 3326 1323 3714">
     <span class='ocr_line' id='line_1_29' title="bbox 283 3326 1323 3403; baseline 0.001 -18"><span class='ocrx_word' id='word_1_235' title='bbox 283 3328 388 3386; x_wconf 79' lang='lat' dir='ltr'><strong>Restat</strong></span> <span class='ocrx_word' id='word_1_236' title='bbox 419 3345 496 3388; x_wconf 83' lang='lat' dir='ltr'>unus</span> <span class='ocrx_word' id='word_1_237' title='bbox 527 3328 617 3397; x_wconf 83' lang='lat' dir='ltr'>loeus,</span> <span class='ocrx_word' id='word_1_238' title='bbox 651 3345 738 3403; x_wconf 88' lang='lat' dir='ltr'><strong>quem</strong></span> <span class='ocrx_word' id='word_1_239' title='bbox 771 3326 889 3386; x_wconf 77' lang='lat' dir='ltr'><strong>codices</strong></span> <span class='ocrx_word' id='word_1_240' title='bbox 913 3345 970 3386; x_wconf 89' lang='lat' dir='ltr'><strong>uon</strong></span> <span class='ocrx_word' id='word_1_241' title='bbox 995 3328 1066 3386; x_wconf 83' lang='lat' dir='ltr'><strong>satis</strong></span> <span class='ocrx_word' id='word_1_242' title='bbox 1089 3328 1237 3402; x_wconf 82' lang='lat' dir='ltr'><strong>integrum</strong></span> <span class='ocrx_word' id='word_1_243' title='bbox 1262 3345 1323 3386; x_wconf 86' lang='lat' dir='ltr'><strong>sar·</strong></span> 
     </span>
     <span class='ocr_line' id='line_1_30' title="bbox 199 3428 1322 3506; baseline 0.004 -22"><span class='ocrx_word' id='word_1_244' title='bbox 199 3447 285 3488; x_wconf 84' lang='lat' dir='ltr'><strong>vaase</strong></span> <span class='ocrx_word' id='word_1_245' title='bbox 308 3429 464 3488; x_wconf 82' lang='lat' dir='ltr'><strong>videntur:</strong></span> <span class='ocrx_word' id='word_1_246' title='bbox 488 3430 509 3502; x_wconf 87' lang='lat'><strong>1,</strong></span> <span class='ocrx_word' id='word_1_247' title='bbox 533 3433 582 3505; x_wconf 89' lang='grc'><strong>86,</strong></span> <span class='ocrx_word' id='word_1_248' title='bbox 596 3433 643 3490; x_wconf 76' lang='lat'><strong>26.</strong></span> <span class='ocrx_word' id='word_1_249' title='bbox 688 3430 791 3489; x_wconf 81' lang='lat' dir='ltr'>Lectio</span> <span class='ocrx_word' id='word_1_250' title='bbox 820 3429 964 3506; x_wconf 80' lang='lat' dir='ltr'><strong>codicum,</strong></span> <span class='ocrx_word' id='word_1_251' title='bbox 995 3448 1083 3505; x_wconf 86' lang='lat' dir='ltr'>quum</span> <span class='ocrx_word' id='word_1_252' title='bbox 1107 3435 1227 3505; x_wconf 85' lang='lat' dir='ltr'><strong>praeter</strong></span> <span class='ocrx_word' id='word_1_253' title='bbox 1249 3428 1322 3488; x_wconf 82' lang='lat' dir='ltr'><strong>stei—</strong></span> 
     </span>
     <span class='ocr_line' id='line_1_31' title="bbox 199 3521 1321 3608; baseline -0.003 -17"><span class='ocrx_word' id='word_1_254' title='bbox 199 3533 277 3591; x_wconf 91' lang='lat' dir='ltr'><strong>uium</strong></span> <span class='ocrx_word' id='word_1_255' title='bbox 301 3551 404 3591; x_wconf 82' lang='lat' dir='ltr'>omnes</span> <span class='ocrx_word' id='word_1_256' title='bbox 428 3532 559 3592; x_wconf 82' lang='lat' dir='ltr'>editores</span> <span class='ocrx_word' id='word_1_257' title='bbox 582 3532 678 3591; x_wconf 78' lang='lat' dir='ltr'><strong>secuti</strong></span> <span class='ocrx_word' id='word_1_258' title='bbox 701 3537 778 3602; x_wconf 84' lang='lat' dir='ltr'>aunt,</span> <span class='ocrx_word' id='word_1_259' title='bbox 802 3531 875 3592; x_wconf 85' lang='lat' dir='ltr'><strong>haee</strong></span> <span class='ocrx_word' id='word_1_260' title='bbox 899 3537 956 3591; x_wconf 83' lang='lat' dir='ltr'><strong>est:</strong></span> <span class='ocrx_word' id='word_1_261' title='bbox 981 3521 1071 3608; x_wconf 71' lang='grc' dir='ltr'><em>ἔλεγε</em></span> <span class='ocrx_word' id='word_1_262' title='bbox 1095 3531 1147 3601; x_wconf 85' lang='lat' dir='ltr'><strong>(se.</strong></span> <span class='ocrx_word' id='word_1_263' title='bbox 1166 3529 1321 3608; x_wconf 82' lang='grc' dir='ltr'><em>Κροῖσος)</em></span> 
     </span>
     <span class='ocr_line' id='line_1_32' title="bbox 198 3613 1322 3714; baseline 0.002 -26"><span class='ocrx_word' id='word_1_264' title='bbox 198 3624 238 3713; x_wconf 71' lang='lat' dir='ltr'><strong>rii}</strong></span> <span class='ocrx_word' id='word_1_265' title='bbox 260 3626 305 3704; x_wconf 75' lang='grc' dir='ltr'><strong>ὡς</strong></span> <span class='ocrx_word' id='word_1_266' title='bbox 327 3613 411 3713; x_wconf 75' lang='grc' dir='ltr'><em>ἦλθε</em></span> <span class='ocrx_word' id='word_1_267' title='bbox 438 3620 543 3712; x_wconf 78' lang='grc' dir='ltr'><em>ἀρχὴν</em></span> <span class='ocrx_word' id='word_1_268' title='bbox 565 3627 583 3690; x_wconf 82' lang='grc' dir='ltr'>ὁ</span> <span class='ocrx_word' id='word_1_269' title='bbox 605 3623 729 3692; x_wconf 86' lang='grc' dir='ltr'><em>Σόλων</em></span> <span class='ocrx_word' id='word_1_270' title='bbox 751 3624 816 3692; x_wconf 75' lang='grc' dir='ltr'><em>ε’ὠν</em></span> <span class='ocrx_word' id='word_1_271' title='bbox 837 3621 1022 3712; x_wconf 77' lang='grc' dir='ltr'><em>Ἀθηναίας,</em></span> <span class='ocrx_word' id='word_1_272' title='bbox 1046 3629 1099 3690; x_wconf 83' lang='grc' dir='ltr'><strong>καὶ</strong></span> <span class='ocrx_word' id='word_1_273' title='bbox 1117 3623 1322 3714; x_wconf 75' lang='grc' dir='ltr'><em>θεησάμενος</em></span> 
     </span>
    </p>
   </div>
   <div class='ocr_carea' id='block_1_6' title="bbox 196 3826 1322 4324">
    <p class='ocr_par' dir='ltr' id='par_1_8' title="bbox 284 3826 1128 3900">
     <span class='ocr_line' id='line_1_33' title="bbox 284 3826 1128 3900; baseline -0.001 -15"><span class='ocrx_word' id='word_1_274' title='bbox 284 3835 317 3898; x_wconf 73' lang='lat'><strong>⁹⁸)</strong></span> <span class='ocrx_word' id='word_1_275' title='bbox 336 3831 504 3886; x_wconf 80' lang='lat' dir='ltr'><strong>Coniectura</strong></span> <span class='ocrx_word' id='word_1_276' title='bbox 523 3837 566 3885; x_wconf 82' lang='lat' dir='ltr'><strong>eat</strong></span> <span class='ocrx_word' id='word_1_277' title='bbox 585 3830 706 3899; x_wconf 84' lang='lat' dir='ltr'><strong>Reiskii;</strong></span> <span class='ocrx_word' id='word_1_278' title='bbox 725 3831 806 3884; x_wconf 83' lang='lat' dir='ltr'><strong>codd.</strong></span> <span class='ocrx_word' id='word_1_279' title='bbox 826 3831 958 3886; x_wconf 81' lang='lat' dir='ltr'><strong>exhibent</strong></span> <span class='ocrx_word' id='word_1_280' title='bbox 977 3826 1128 3900; x_wconf 78' lang='grc' dir='ltr'><em>ἀναφῆναι.</em></span> 
     </span>
    </p>

    <p class='ocr_par' dir='ltr' id='par_1_9' title="bbox 284 3915 1321 3986">
     <span class='ocr_line' id='line_1_34' title="bbox 284 3915 1321 3986; baseline 0 -17"><span class='ocrx_word' id='word_1_281' title='bbox 284 3919 317 3982; x_wconf 74' lang='lat'><strong>³⁰)</strong></span> <span class='ocrx_word' id='word_1_282' title='bbox 336 3917 377 3970; x_wconf 87' lang='lat' dir='ltr'><strong>De</strong></span> <span class='ocrx_word' id='word_1_283' title='bbox 391 3915 483 3970; x_wconf 87' lang='lat' dir='ltr'><strong>haere</strong></span> <span class='ocrx_word' id='word_1_284' title='bbox 497 3916 639 3970; x_wconf 82' lang='lat' dir='ltr'><strong>subtiliter</strong></span> <span class='ocrx_word' id='word_1_285' title='bbox 652 3921 681 3969; x_wconf 80' lang='lat' dir='ltr'><strong>et</strong></span> <span class='ocrx_word' id='word_1_286' title='bbox 694 3916 832 3984; x_wconf 80' lang='lat' dir='ltr'><strong>explicate</strong></span> <span class='ocrx_word' id='word_1_287' title='bbox 846 3915 1004 3986; x_wconf 77' lang='lat' dir='ltr'><strong>disputavit</strong></span> <span class='ocrx_word' id='word_1_288' title='bbox 1016 3917 1167 3971; x_wconf 84' lang='lat' dir='ltr'><strong>Preibiaeh.</strong></span> <span class='ocrx_word' id='word_1_289' title='bbox 1185 3932 1210 3984; x_wconf 86' lang='lat' dir='ltr'><strong>p.</strong></span> <span class='ocrx_word' id='word_1_290' title='bbox 1222 3921 1321 3984; x_wconf 73' lang='lat' dir='ltr'><strong>eisqq.</strong></span> 
     </span>
    </p>

    <p class='ocr_par' dir='ltr' id='par_1_10' title="bbox 196 4001 1322 4324">
     <span class='ocr_line' id='line_1_35' title="bbox 282 4001 1321 4071; baseline -0.001 -16"><span class='ocrx_word' id='word_1_291' title='bbox 282 4005 318 4069; x_wconf 77' lang='lat'><strong>⁴⁰)</strong></span> <span class='ocrx_word' id='word_1_292' title='bbox 336 4001 369 4055; x_wconf 89' lang='lat' dir='ltr'><strong>V.</strong></span> <span class='ocrx_word' id='word_1_293' title='bbox 389 4001 424 4056; x_wconf 87' lang='lat' dir='ltr'><strong>de</strong></span> <span class='ocrx_word' id='word_1_294' title='bbox 444 4001 486 4054; x_wconf 84' lang='lat' dir='ltr'><strong>iria</strong></span> <span class='ocrx_word' id='word_1_295' title='bbox 506 4001 592 4068; x_wconf 83' lang='lat' dir='ltr'><strong>loeis,</strong></span> <span class='ocrx_word' id='word_1_296' title='bbox 621 4001 669 4070; x_wconf 89' lang='lat' dir='ltr'><strong>qui</strong></span> <span class='ocrx_word' id='word_1_297' title='bbox 694 4001 799 4069; x_wconf 84' lang='lat' dir='ltr'><strong>aliquid</strong></span> <span class='ocrx_word' id='word_1_298' title='bbox 823 4003 959 4056; x_wconf 84' lang='lat' dir='ltr'><strong>recedunt</strong></span> <span class='ocrx_word' id='word_1_299' title='bbox 982 4018 998 4054; x_wconf 85' lang='lat' dir='ltr'><strong>a</strong></span> <span class='ocrx_word' id='word_1_300' title='bbox 1016 4001 1193 4071; x_wconf 78' lang='lat' dir='ltr'><strong>Thucydidis</strong></span> <span class='ocrx_word' id='word_1_301' title='bbox 1217 4002 1321 4054; x_wconf 84' lang='lat' dir='ltr'><strong>ratione</strong></span> 
     </span>
     <span class='ocr_line' id='line_1_36' title="bbox 196 4085 1321 4156; baseline -0.002 -15"><span class='ocrx_word' id='word_1_302' title='bbox 196 4093 234 4154; x_wconf 85' lang='lat' dir='ltr'><strong>(v.</strong></span> <span class='ocrx_word' id='word_1_303' title='bbox 253 4087 344 4141; x_wconf 86' lang='lat' dir='ltr'><strong>Preib.</strong></span> <span class='ocrx_word' id='word_1_304' title='bbox 364 4088 381 4140; x_wconf 91' lang='grc'><strong>1.</strong></span> <span class='ocrx_word' id='word_1_305' title='bbox 395 4103 417 4140; x_wconf 85' lang='grc' dir='ltr'><strong>ο.</strong></span> <span class='ocrx_word' id='word_1_306' title='bbox 437 4103 463 4156; x_wconf 88' lang='lat' dir='ltr'><strong>p.</strong></span> <span class='ocrx_word' id='word_1_307' title='bbox 477 4091 521 4152; x_wconf 77' lang='grc' dir='ltr'><strong>οῖ)</strong></span> <span class='ocrx_word' id='word_1_308' title='bbox 541 4086 675 4154; x_wconf 80' lang='lat' dir='ltr'><strong>Harruug,</strong></span> <span class='ocrx_word' id='word_1_309' title='bbox 688 4086 724 4140; x_wconf 89' lang='lat' dir='ltr'><strong>de</strong></span> <span class='ocrx_word' id='word_1_310' title='bbox 737 4093 808 4154; x_wconf 88' lang='lat' dir='ltr'><strong>part.</strong></span> <span class='ocrx_word' id='word_1_311' title='bbox 822 4087 842 4153; x_wconf 88' lang='lat' dir='ltr'><strong>l,</strong></span> <span class='ocrx_word' id='word_1_312' title='bbox 856 4103 883 4155; x_wconf 87' lang='lat' dir='ltr'><strong>p.</strong></span> <span class='ocrx_word' id='word_1_313' title='bbox 899 4093 997 4154; x_wconf 65' lang='lat' dir='ltr'><strong>iuuari.</strong></span> <span class='ocrx_word' id='word_1_314' title='bbox 1015 4119 1048 4124; x_wconf 89' lang='lat'>-</span> <span class='ocrx_word' id='word_1_315' title='bbox 1066 4085 1228 4155; x_wconf 81' lang='lat' dir='ltr'><strong>Bernhardy</strong></span> <span class='ocrx_word' id='word_1_316' title='bbox 1241 4087 1321 4154; x_wconf 79' lang='lat' dir='ltr'><strong>Synt.</strong></span> 
     </span>
     <span class='ocr_line' id='line_1_37' title="bbox 199 4169 1322 4240; baseline -0.001 -15"><span class='ocrx_word' id='word_1_317' title='bbox 199 4188 225 4239; x_wconf 81' lang='lat' dir='ltr'><strong>p.</strong></span> <span class='ocrx_word' id='word_1_318' title='bbox 240 4177 289 4224; x_wconf 68' lang='lat' dir='ltr'><strong>itia</strong></span> <span class='ocrx_word' id='word_1_319' title='bbox 309 4202 341 4210; x_wconf 98' lang='lat'><em>-</em></span> <span class='ocrx_word' id='word_1_320' title='bbox 361 4171 499 4226; x_wconf 81' lang='lat' dir='ltr'><strong>Matthiae.</strong></span> <span class='ocrx_word' id='word_1_321' title='bbox 513 4187 553 4238; x_wconf 82' lang='lat' dir='ltr'><strong>gr.</strong></span> <span class='ocrx_word' id='word_1_322' title='bbox 567 4187 607 4240; x_wconf 85' lang='lat' dir='ltr'><strong>gr.</strong></span> <span class='ocrx_word' id='word_1_323' title='bbox 620 4173 636 4240; x_wconf 63' lang='grc' dir='ltr'><strong>ξ</strong></span> <span class='ocrx_word' id='word_1_324' title='bbox 648 4177 706 4238; x_wconf 78' lang='grc'>455,</span> <span class='ocrx_word' id='word_1_325' title='bbox 720 4170 756 4225; x_wconf 88' lang='grc' dir='ltr'><strong>Α.</strong></span> <span class='ocrx_word' id='word_1_326' title='bbox 771 4177 794 4239; x_wconf 87' lang='grc'><strong>3,</strong></span> <span class='ocrx_word' id='word_1_327' title='bbox 808 4173 848 4240; x_wconf 79' lang='grc' dir='ltr'><strong>ι1.;</strong></span> <span class='ocrx_word' id='word_1_328' title='bbox 868 4173 977 4238; x_wconf 77' lang='lat' dir='ltr'><strong>Kriiger</strong></span> <span class='ocrx_word' id='word_1_329' title='bbox 994 4172 1054 4240; x_wconf 78' lang='lat' dir='ltr'><strong>Spr.</strong></span> <span class='ocrx_word' id='word_1_330' title='bbox 1068 4177 1108 4237; x_wconf 70' lang='lat' dir='ltr'><strong>iii,</strong></span> <span class='ocrx_word' id='word_1_331' title='bbox 1122 4176 1145 4238; x_wconf 82' lang='lat'><strong>2,</strong></span> <span class='ocrx_word' id='word_1_332' title='bbox 1159 4176 1189 4240; x_wconf 72' lang='lat'><strong>⁴3</strong></span> <span class='ocrx_word' id='word_1_333' title='bbox 1207 4169 1322 4224; x_wconf 81' lang='lat' dir='ltr'><strong>Kiihuer</strong></span> 
     </span>
     <span class='ocr_line' id='line_1_38' title="bbox 197 4257 319 4324; baseline 0 -16"><span class='ocrx_word' id='word_1_334' title='bbox 197 4257 284 4324; x_wconf 72' lang='lat' dir='ltr'><strong>§eru</strong></span> <span class='ocrx_word' id='word_1_335' title='bbox 297 4261 319 4308; x_wconf 82' lang='lat' dir='ltr'><strong>e.</strong></span> 
     </span>
    </p>
   </div>
   <div class='ocr_carea' id='block_1_7' title="bbox 0 0 1556 4860">
    <p class='ocr_par' dir='ltr' id='par_1_11' title="bbox 0 0 1556 4860">
     <span class='ocr_line' id='line_1_39' title="bbox 0 0 1556 4860; baseline 0 0"><span class='ocrx_word' id='word_1_336' title='bbox 0 0 1556 4860; x_wconf 95' lang='lat' dir='ltr'><strong> </strong></span> 
     </span>
    </p>
   </div>
  </div>
 </body>
</html>
