3104 4860
237 261 278 316 40

322 427 407 486 Ratin
435 428 533 484 autem
565 425 653 488 huius
689 424 915 500 significationis
947 443 983 484 ea
1013 427 1074 502 est,
1114 430 1147 484 ut
1178 427 1359 486 eontrarium

238 529 325 606 quasi
361 533 451 604 atque
482 526 610 586 formula
640 512 754 596 οὐδὲν
782 523 914 603 μᾶλλον
944 513 964 606 ἢ
991 552 1032 574 =
1056 547 1114 587 nen
1147 529 1242 605 magis
1271 547 1359 605 quam

237 629 462 706 (ebensowenig
478 623 548 700 als)'
565 630 671 699 valeat,
694 630 735 688 ita
757 627 886 706 quidem,
909 634 942 688 ut
964 614 1064 688 οὐδὲν
1082 611 1188 707 ἧσσον
1204 616 1223 709 ι’)
1239 631 1358 706 utrique

239 733 468 809 comparationis
493 731 623 791 membre
646 731 802 808 aequalem
825 731 1033 791 affirmativam
1057 733 1114 791 vim
1138 733 1262 792 tribuat:
1288 753 1359 804 ,non

241 835 337 894 miuus
360 827 463 911 qnam’
486 835 656 908 germanice
674 833 775 903 „nieht
791 834 921 909 weniger
936 835 981 893 ais
998 858 1038 880 π
1055 833 1128 893 eben
1150 852 1183 895 se
1200 836 1269 894 sehr
1287 837 1360 895 als“.

325 937 389 1013 VII,
407 939 476 1012 129,
493 938 531 994 22
554 925 594 994 τὸ
618 930 653 995 δὲ
676 925 823 992 παλαιὸν
847 928 984 1013 λέγεται,
1008 921 1071 994 οὐκ
1094 921 1210 1006 ἐόντος
1232 955 1284 995 κοο
1298 936 1361 996 τοῦ
1386 1003 1388 1008 ,

240 1024 392 1108 αὐλῶνος
414 1031 472 1095 καὶ
494 1027 650 1115 διεκρόου
673 1027 807 1110 τούτου,
830 1025 909 1106 τούς
931 1027 1104 1114 ποταμοὺς
1126 1029 1281 1111 τούτους,
1304 1035 1361 1098 καὶ

239 1131 325 1219 πρὸς
347 1146 432 1199 τοῖσι
464 1146 645 1224 ποταμοῖσι
674 1129 825 1198 τούτοισι
855 1129 918 1217 τὴν
940 1133 1104 1220 Βοιβηίδα
1126 1135 1259 1220 λίμνην,
1285 1130 1361 1200 οὔτε

240 1228 486 1321 οὕνομόιζεσθαι
501 1228 599 1300 κατα
630 1259 695 1320 περ
723 1236 796 1313 νῦν,
827 1233 915 1319 ῥέειν
937 1259 972 1300 τε
995 1227 1094 1301 οὐδὲν
1116 1224 1221 1320 ἧσσον
1244 1229 1264 1321 ἢ
1288 1241 1362 1302 νῦν.

325 1347 429 1406 Altero
453 1347 518 1406 loeo
541 1330 644 1404 ου’δὲν
665 1327 771 1423 ἧσσον
802 1364 861 1404 una
890 1363 955 1404 eum
983 1341 1113 1422 μᾶλλον
1135 1345 1261 1405 alterum
1284 1365 1362 1406 enm-

183 1464 184 1467 ’
241 1451 377 1526 paratum
401 1449 565 1507 membrum
587 1466 642 1524 per
665 1435 686 1524 ἥ
710 1447 830 1521 recipit:
854 1448 888 1524 V,
905 1450 987 1520 55st
1012 1446 1051 1519 (v.
1074 1465 1102 1524 p.
1119 1450 1179 1511 391.

326 1613 361 1690 d)
384 1619 524 1694 Sequitur
545 1621 576 1676 ut
599 1617 636 1676 de
659 1617 797 1677 formulis
820 1617 862 1675 eis
885 1617 1076 1692 disseramus,
1099 1635 1173 1694 qrras
1189 1619 1363 1695 saepissime

241 1721 412 1780 Herodotus
436 1719 565 1794 adhibet,
587 1720 624 1778 de
647 1709 852 1796 πρότερον
874 1706 904 1796 ἢ,
927 1715 1022 1794 πρὶν
1044 1709 1065 1797 ἥ
1089 1716 1199 1791 unffi)

326 1838 359 1912 α)
385 1839 426 1898 Ae
449 1827 644 1917 πρότερον
672 1827 691 1916 ἥ
720 1857 794 1897 eum
827 1838 1016 1898 infinitivo
1049 1841 1240 1899 coniunctum
1268 1839 1363 1910 (ante-

242 1941 341 2018 quam,
363 1942 536 2018 prinsquam
560 1966 601 1986 =
625 1943 689 2017 ehe‚
712 1940 817 2013 bever)
836 1961 876 2016 ,eo
899 1944 1025 2018 speeies,
1047 1947 1080 2000 ut
1103 1942 1178 2001 nihii
1202 1941 1283 2001 aliud
1307 1943 1364 2001 nisi

241 2045 338 2120 qualis
361 2045 502 2120 temporis
526 2045 603 2103 ratio
626 2045 704 2103 inter
727 2045 801 2102 duas
825 2045 957 2104 actiones
979 2044 1147 2104 intercedat
1163 2041 1365 2119 significetffli.

327 2147 472 2223 Exempla
495 2146 570 2205 haee
601 2147 680 2222 apud
705 2147 891 2206 Herodotum
922 2146 1105 2206 invenimus:
1137 2149 1158 2220 1,
1176 2151 1258 2221 72,2
1280 2125 1365 2225 ἦσαν

242 2242 277 2307 δὲ
300 2241 332 2307 οἱ
349 2238 468 2324 Σύριοι
492 2230 589 2306 οὗτοι
612 2237 652 2305 τό
674 2243 735 2323 μέν
755 2237 924 2325 πρότερον
941 2235 961 2326 ἢ
979 2242 1106 2326 Πέρσας
1123 2236 1218 2326 ἄρξαι
1234 2233 1366 2326 Μήδαν·

241 2341 411 2429 κατήκοοι,
427 2335 504 2408 τότε
521 2343 557 2408 δὲ
569 2337 690 2426 Κύρου.
735 2352 771 2424 ΙΙ,
790 2355 836 2425 11,
855 2354 892 2409 19
916 2347 982 2407 κοῦ
1004 2367 1038 2427 γι
1063 2339 1102 2428 δή
1120 2343 1157 2407 έν
1173 2347 1222 2428 τῷ
1238 2366 1365 2427 προαν-

239 2446 451 2530 αισιμωμένῳ
484 2441 597 2529 χρόνῳ
637 2469 692 2530 πρ.
725 2440 745 2532 ἢ
784 2445 837 2528 ἐμὲ
868 2447 1022 2530 γενέσθαι
1052 2437 1114 2510 οὐκ
1145 2439 1186 2510 ἂν
1214 2447 1362 2532 χιοσθιίη

240 2546 366 2625 κόλπος
396 2551 451 2613 καὶ
482 2552 603 2632 πολλῷ
634 2551 742 2632 μέζων
774 2548 819 2613 έτι
851 2545 987 2613 τούτου.
1035 2555 1188 2630 11,118,1
1219 2549 1275 2612 καί
1297 2571 1365 2624 καις

239 2655 346 2716 ταῦτα
379 2665 464 2716 τοῖσι
497 2653 603 2734 Καρσὶ
632 2651 814 2736 ἐξαγγέλθη
837 2677 892 2735 πρ.
918 2645 987 2737 ἣ33)
1011 2643 1073 2716 τόν
1095 2651 1260 2736 Δαυρίσην
1281 2643 1365 2715 ,ἀπι-

240 2754 369 2818 κέσθαι
419 2761 559 2835 vl1,⁴2‚5
582 2746 669 2837 ἦσαν
698 2750 760 2836 γὰρ
792 2754 919 2837 Λαριέῳ
949 2755 1002 2817 καὶ
1034 2775 1090 2836 πρ.
1120 2746 1139 2838 ἢ
1171 2757 1366 2832 deusdedem

240 2851 416 2940 γεγονότες
439 2868 527 2938 τρεῖς
549 2856 673 2928 παῖδες.
722 2867 825 2938 15112
850 2850 895 2932 ὡς
923 2855 1047 2940 Ξέρξης
1077 2852 1201 2938 έπεμψε
1231 2848 1364 2940 κήρυκα

241 2959 273 3036 ές
299 2951 409 3042 Ἄργος
432 2981 486 3040 πρ.
510 2950 530 3044 ἢ
552 2982 615 3041 περ
640 2951 779 3043 ὁρμῆσαι
802 2950 1044 3043 στρατεύεσθαι
1066 2957 1117 3022 iuri
1144 2952 1362 3042 τὴνἙλλάδα,

240 3069 290 3142 ΙΧ,
308 3073 354 3138 16,
372 3073 411 3129 33
436 3054 482 3137 eie
512 3051 614 3138 ου’τός
645 3053 763 3124 αὐτίκα
796 3062 887 3144 λέγοι
918 3064 1022 3125 ταῦτα
1045 3058 1131 3143 πρὸς
1156 3051 1363 3143 ἀνθρώπους

240 3187 296 3248 πρ,
319 3157 339 3248 ἢ
364 3164 521 3247 γενέσθαι
543 3161 579 3227 έν
604 3165 787 3245 Πλαταιῇσι
809 3159 873 3246 τὴν
895 3155 1027 3248 μάχην·

327 3275 451 3332 Duobus
483 3274 556 3332 ineis
578 3258 748 3350 πρότερον
779 3291 836 3330 non
868 3280 931 3331 arne
955 3291 1020 3330 eum
1045 3261 1064 3350 ι’)
1088 3273 1278 3332 coniunctum
1303 3278 1363 3331 est:

242 3377 292 3452 Vl,
309 3380 392 3453 91‚6
425 3360 495 3433 ἀλλ’
520 3365 672 3453 ἔφθησαν
695 3360 895 3444 ἐκπεσόντος
918 3391 972 3451 πρ.
998 3367 1034 3432 έκ
1057 3373 1114 3453 τῆς
1136 3363 1239 3453 νήσου
1262 3361 1281 3452 η’
1306 3385 1362 3448 σοι

227 3583 230 3588 .
326 3528 500 3607 31)1)’στερον
518 3531 544 3606 ἢ,
564 3529 598 3591 οὔ
617 3529 680 3605 (μή)
698 3528 822 3606 ὕστερον
841 3530 855 3604 ι)
876 3537 951 3605 apud
970 3536 1142 3592 Herodotum
1161 3553 1213 3590 usu
1237 3552 1293 3590 non
1317 3550 1362 3590 ve·

240 3623 328 3676 niunt.

327 3710 360 3774 32)
378 3705 411 3760 ef.
431 3706 546 3760 Kiihner
564 3723 604 3774 gr.
618 3723 657 3776 gr.
676 3709 764 3776 ξὸθυ,
777 3706 803 3759 d.

326 3794 359 3857 ³³)
379 3792 474 3845 Codex
489 3791 513 3843 R
526 3789 639 3845 exhibet
651 3787 797 3860 πρότερον
809 3790 877 3862 πρὶν
889 3786 905 3860 ἦ
919 3808 942 3846 e.
955 3792 1012 3861 inf„
1025 3793 1100 3861 quod
1114 3793 1196 3846 etiarn
1209 3791 1365 3859 Schweigh.

240 3876 337 3930 Baehr.
357 3874 472 3931 Abieht.
491 3877 520 3930 in
540 3883 643 3931 textum
663 3884 837 3946 receperunt.
881 3876 946 3930 Mihi
971 3878 1060 3946 magis
1085 3878 1177 3946 piacet
1196 3877 1363 3944 reliquorum

241 3962 368 4016 codicum
388 3963 535 4031 scriptura,
555 3964 716 4030 praesertim
736 3980 799 4016 cum
817 3964 946 4017 omnibus
962 3963 1032 4018 ideis
1045 3963 1099 4027 eis·
1112 3963 1159 4018 ubi
1173 3958 1318 4032 πρότιρον
1331 3993 1364 4001 --

241 4045 310 4117 πρὶν
329 4041 345 4116 ι)
365 4053 459 4102 exstat
475 4048 593 4115 (V1,45.
618 4048 680 4114 Vll,
695 4053 717 4102 8.
742 4048 819 4115 Vlil,
833 4054 856 4103 8.
881 4049 930 4116 IX,
943 4053 987 4114 93)
1007 4055 1036 4104 et
1054 4049 1166 4118 negatio
1185 4041 1227 4113 od,
1246 4044 1284 4117 μή
1303 4063 1364 4102 eum

242 4129 389 4202 πρότερον
408 4135 558 4188 coniuncta
577 4135 613 4188 sit
631 4142 659 4189 et
677 4150 786 4203 semper
805 4140 870 4202 post
888 4132 956 4206 πρὶν
969 4128 984 4204 ἦ
998 4135 1054 4189 ind.
1068 4136 1112 4189 vel
1126 4135 1206 4202 euni,
1225 4147 1363 4202 nusquam

244 4215 292 4271 inf.
311 4219 472 4285 reperiatur.
