3104 4860
253 287 293 344 32

252 439 450 532 inuocans
478 471 514 510 τε
544 449 685 513 πολλῶν
716 439 860 532 ἄρχομεν
889 443 996 532 πάσης
1031 471 1067 511 τε
1101 449 1160 532 τῆς
1194 438 1313 533 Ἀοὶης;
1344 459 1375 514 ct

253 555 373 632 quando
396 557 515 614 tandem
538 555 567 614 id
591 555 655 615 fieri
679 556 862 615 commodius
885 558 994 632 poterit
1017 574 1105 632 quam
1129 575 1219 634 nuuc,
1241 574 1307 617 cum
1328 561 1374 616 tot

253 658 421 718 homiuibus
445 664 475 717 et
497 659 655 717 universae
678 658 767 716 Asiae
791 659 994 732 imperamus?

338 810 367 884 e)
391 812 531 871 Similiter
561 813 678 871 dnobus
709 813 782 872 locis
810 819 878 888 poet
907 798 990 870 διλλο
1022 831 1088 872 cum
1118 814 1277 888 negatione
1303 831 1372 872 con·

252 917 385 974 iunctum
409 900 428 992 ἢ
451 898 512 972 ότι
536 932 600 973 cnm
626 914 686 972 ind.
709 915 793 973 verbi
816 914 889 973 finiti
915 917 1041 990 positum
1066 920 1126 973 est:

338 1020 360 1093 Ι,
375 1021 425 1094 49,
441 1021 458 1076 2
482 1006 567 1074 κατὰ
558 1004 630 1095 eoi}
652 1005 715 1094 τὴν
734 1000 917 1095 Ἀμφιάρεω
938 1034 1000 1074 τοο
986 1004 1209 1094 μαντηίου(
1195 1006 1374 1092 απόκρισιν

252 1103 316 1178 ccix
345 1109 410 1198 ἔχον
449 1113 555 1177 εἰπεῖν
584 1105 603 1176 ὅ
633 1136 665 1176 τι
695 1125 782 1176 τοῖσι
810 1106 988 1210 Λοδοῑοι”
975 1132 1089 1199 expone
1117 1108 1273 1198 ποιήσασι
1294 1114 1372 1197 περὶ

251 1211 291 1280 τδ
321 1212 396 1301 ἱρὸν
426 1212 469 1280 τὰ
499 1211 700 1298 νομιζόμενα
730 1208 783 1295 (ori
812 1211 874 1338 peip
906 1201 955 1279 οδν
985 1206 1064 1280 ονδε
1094 1219 1196 1280 τοῦτο
1220 1217 1371 1299 λέγεται),

252 1310 334 1381 ἄλλο
369 1341 404 1401 γε
443 1310 462 1400 r)
501 1308 554 1380 ότι
593 1317 649 1380 καὶ
693 1319 819 1381 τοῦτον
852 1312 995 1400 ἐνόμισε,
1035 1313 1198 1403 μαντήιον
1231 1309 1373 1402 nocerim

251 1419 413 1504 ἐκτῆσθαι
423 1425 469 1496 ¹²⁰).
507 1426 555 1498 ΙΙΙ,
571 1430 599 1503 8,
617 1429 656 1486 10
680 1409 753 1484 οὐδ’
775 1414 840 1502 ἔχοι
864 1418 970 1484 εἰπεῖν
992 1416 1032 1483 τό
1055 1420 1165 1484 αἲτιον
1189 1417 1274 1486 διότι
1297 1412 1371 1486 ἄπι-

251 1522 396 1606 κομένοο
419 1523 480 1606 μὲν
500 1514 713 1604 Ἀλεξάνδρον
740 1525 802 1586 τοῦ
825 1518 1020 1599 Μακεδόνος
1047 1521 1079 1598 ἐς
1100 1515 1239 1608 Ἀθήνας
1269 1541 1373 1588 onoc-

185 1634 190 1642 ’
253 1621 315 1709 δῆν
344 1621 491 1710 μεγάλην
522 1620 724 1711 ἐποιήσαντο
753 1621 798 1710 μὴ
825 1625 961 1710 μηδίσαι
986 1615 1199 1710 Ἀθηναίους,
1228 1619 1305 1689 τότε
1336 1626 1372 1689 δὲ

253 1721 343 1811 cipum
379 1719 580 1811 ἐποιήσαντο
611 1716 779 1809 οόδεμίαν,
809 1721 891 1791 ἄλλο
921 1750 957 1811 γε
987 1719 1007 1810 ἢ
1041 1717 1093 1791 ότι
1122 1718 1291 1810 δἸσδμός
1313 1745 1372 1807 σφι

251 1827 447 1911 ἐτετείχιστο
478 1831 535 1893 καὶ
567 1825 706 1893 ἐδόκεον
732 1820 919 1913 Ἀθηναίων
949 1825 996 1893 ἔτι
1027 1829 1161 1894 δέεσθαι
1193 1821 1301 1895 οὐδέν.
1330 1867 1372 1874 -

251 1940 317 1997 Huc
339 1946 475 2015 spectant
498 1957 619 2014 quoque
642 1939 698 1998 loci
721 1941 761 2009 ei,
792 1939 840 1997 ubi
872 1943 940 2014 post
969 1929 1058 2016 πλήν
1090 1946 1120 1997 et
1149 1933 1252 2019 χωρίς
1274 1943 1372 1998 exstat

249 2027 269 2120 ἢ
293 2026 360 2102 ὅτις
384 2043 433 2112 ru,
452 2045 520 2116 rae,
535 2046 564 2102 4.
585 2073 628 2079 —
650 2043 673 2117 1,
689 2045 738 2117 94,
755 2046 782 2102 ν.
805 2043 855 2118 ru,
871 2046 921 2117 61,
938 2047 964 2103 o.
988 2045 1071 2118 cnr
1096 2041 1135 2114 (v.
1151 2043 1229 2101 rnna
1245 2061 1271 2118 p.
1288 2040 1350 2113 ιτ).

556 2194 585 2267 f)
609 2181 629 2274 ἢ
652 2179 748 2252 ὥστε
771 2215 844 2254 cum
869 2195 1066 2256 infinitivo.

267 2351 269 2356 .
335 2301 400 2358 Hac
424 2299 541 2358 dicendi
566 2299 679 2358 rationo
703 2299 900 2376 significatur,
923 2301 1156 2376 comparativum
1183 2300 1276 2358 maius
1300 2301 1371 2376 quid

250 2402 428 2477 exprimere,
450 2420 539 2478 qnam
564 2405 596 2461 ut
620 2403 750 2478 cogitata
773 2401 851 2461 actio
875 2420 919 2478 ea,
942 2419 1019 2476 quae
1043 2403 1072 2460 iu
1094 2409 1267 2478 comparato
1284 2422 1371 2462 mem·

250 2505 303 2565 bro
327 2506 524 2581 contineatur,
547 2504 612 2564 fieri
636 2506 736 2580 possit.
1426 2489 1431 2496 ¹

335 2609 403 2667 Duo
427 2607 562 2684 exempla
585 2608 665 2683 apud
689 2607 874 2667 Herodotum
900 2609 1110 2667 inveniuntur.

335 2711 386 2780 111,
406 2714 454 2784 14,
469 2713 510 2770 40
534 2700 561 2766 ὠ
584 2715 648 2767 παῖ
668 2698 798 2787 Κύρου
831 2698 873 2766 τὰ
894 2703 955 2787 μὲν
978 2699 1087 2808 οικήια
1110 2689 1153 2788 ἦν
1173 2703 1262 2787 μέζον
1285 2699 1372 2768 κακὰ

249 2796 428 2891 ἢοδστεα
409 2798 604 2870 όνακλαίειν
635 2812 817 2881 „domestica
848 2814 926 2871 mala
954 2815 1065 2872 maiora
1089 2819 1190 2888 erant,
1220 2832 1308 2889 quam
1341 2821 1372 2872 ut.

252 2913 356 2991 (quae)
379 2917 430 2974 flet
419 2922 478 2974 tum
501 2911 728 2991 exprimerent!
766 2914 844 2990 VIII,
862 2919 910 2985 22,
928 2920 965 2976 12
990 2933 1016 2972 ει
1009 2908 1076 2973 δὲ
1098 2909 1279 2994 μηδέτερον
1295 2904 1370 2972 τού

249 3034 320 3075 των
344 3001 419 3074 οῑόν
442 3035 477 3074 τε
501 3011 664 3094 γίνεσθαι,
687 3002 794 3076 ολλλΗ
777 3035 825 3076 ιιι
853 3002 998 3096 ἀνάγκης
982 3012 1370 3095 ςμέζονοςκατέζεοχθε

249 3131 377 3200 ηαστε
402 3103 616 3179 όπιοτασδαι.

539 3254 570 3333 g)
593 3244 613 3336 ἢ
635 3247 733 3315 κατά
750 3253 831 3316 'cnm
856 3258 1078 3317 accusativo.

335 3359 476 3420 Similiter
507 3349 582 3420 haec
613 3360 772 3420 verborum
804 3362 985 3420 constructio
1009 3366 1188 3437 usurpatur,
1211 3361 1260 3420 ubi
1283 3361 1372 3438 quale
1425 3343 1430 3348 ¹

250 3463 320 3539 qnid
345 3482 379 3522 re
402 3482 475 3522 vera
498 3465 535 3523 sit
557 3464 643 3523 alteri
667 3463 774 3522 rationi
798 3463 999 3539 comparativo
1023 3481 1184 3540 expressae
1201 3482 1372 3540 repugnare

250 3566 368 3625 dicitur.
413 3567 509 3625 Etiam
533 3566 622 3625 huius
646 3583 717 3624 usus
741 3565 800 3624 dno
824 3565 960 3642 exempla
983 3581 1262 3626 commemoramus:

335 3748 368 3809 ri⁰)
387 3745 432 3800 Sic
456 3760 551 3798 omnes
575 3742 632 3799 fere
657 3744 792 3813 editores3
817 3744 907 3799 minus
927 3745 993 3799 mihi
1010 3746 1112 3813 placet,
1136 3745 1210 3813 quod
1229 3745 1373 3814 Kriigerue

249 3837 313 3898 poet
337 3826 513 3898 νομιζόμενα
537 3837 671 3898 punctum
695 3831 774 3898 ponit
798 3837 826 3885 et
849 3832 927 3885 uncis
953 3831 1054 3886 deletis
1079 3824 1149 3884 ἄλλο
1175 3849 1209 3900 γε
1234 3827 1250 3900 ἡ
1275 3821 1320 3884 ὅτι
1338 3830 1372 3884 ab

249 3908 315 3971 οὐδὲ
335 3920 420 3969 τοῦτο
445 3911 561 3983 λέγεται
587 3929 754 3984 suspensum
774 3931 836 3970 ease
855 3918 925 3984 vuit,
949 3917 1111 3986 praesertim
1131 3933 1193 3970 cum
1212 3918 1292 3970 otiam
1311 3915 1373 3969 aliis

248 4001 317 4054 locis
337 4008 368 4052 ut
386 4000 435 4061 ΙΙΙ,
458 4003 511 4053 rm.
531 3999 607 4067 VIII,
629 4005 676 4054 128
694 4002 731 4055 in.
751 4003 838 4056 verba
855 4003 903 4055 illa
922 3995 955 4056 ου’
974 3997 1030 4071 γὰρ
1049 3993 1089 4054 (όν
1108 3994 1174 4056 ον’δὲ
1193 4005 1280 4056 τοῦτο
1293 3995 1373 4069 λέγε-

248 4103 294 4139 ται
314 4092 450 4153 tamquam
475 4101 526 4154 per·
544 4085 733 4154 parenthesim
752 4085 826 4140 dicta
845 4092 873 4140 et
897 4088 976 4140 uncis
994 4087 1163 4141 includenda
1180 4101 1242 4141 esse
1259 4086 1373 4139 videan-

250 4178 303 4225 tur.
339 4170 400 4225 Huc
425 4171 540 4239 accedit,
565 4171 640 4238 quod
659 4171 707 4239 IX,
727 4177 793 4239 uio
819 4171 914 4225 eadem
940 4170 997 4226 fere
1022 4173 1230 4226 constructione
1250 4165 1320 4225 ἄλλο
1339 4189 1374 4240 με

249 4248 266 4323 ἢ
286 4246 336 4308 ότι·
350 4263 508 4324 usurpatur.
