3104 4860
244 1152 288 1260 [u
321 1200 449 1278 siugulis
480 1189 691 1276 grammaticae
727 1183 860 1278 graecae
888 1161 1024 1276 partibus
1054 1177 1217 1259 tractandis
1247 1202 1277 1258 et
1329 1237 1332 1244 ·

153 1303 369 1388 investigandis
399 1322 458 1363 non
489 1302 613 1363 eandem
643 1320 761 1380 semper
786 1301 935 1363 'rationem
958 1302 1103 1390 adhiberi,
1132 1291 1277 1362 sed'huio

134 1409 196 1470 -rei
221 1387 391 1467 accuratius
413 1410 443 1466 et
466 1404 648 1482 diligentius,
670 1406 713 1464 illi
736 1405 856 1466 brevius
879 1410 908 1464 et
931 1406 1026 1482 magis
1050 1403 1173 1464 strictim
1197 1403 1278 1462 viros

153 1510 259 1570 doctos
290 1495 534 1585 studere,'haud
565 1508 683 1566 minime
707 1527 744 1566 ex
768 1527 802 1567 eo
826 1497 966 1586 apparet,
998 1505 1078 1584 quod
1102 1507 1139 1566 de
1162 1525 1278 1582 compa-

153 1614 301 1672 rationum
333 1609 475 1688 gradibus
506 1608 586 1686 apud
617 1610 750 1670 Graecos
782 1613 878 1688 pauca
901 1609 1001 1668 adhuc
1025 1593 1177 1687 disputata
1200 1612 1278 1669 suut.

129 1735 132 1742 ·
153 1717 254 1792 Atque
271 1713 346 1772 haec
362 1730 459 1788 pauca
475 1712 600 1770 maxime
617 1716 755 1788 spectant
770 1711 809 1771 ad
827 1711 989 1772 formarum
1006 1712 1277 1790 comparativorum
1332 1749 1337 1758 .

153 1817 201 1875 vel
224 1814 475 1892 superlativorum
500 1814 644 1892 originem
669 1818 699 1874 et
721 1814 981 1892 progressionem,
1003 1813 1056 1874 de'·
1075 1832 1131 1872 usu
1155 1831 1227 1872 vero
1250 1816 1280 1872 et
1357 1819 1358 1822 ’

153 1917 372 1996 significatione
396 1916 477 1992 apud
500 1917 636 1991 singulos
658 1917 821 1994 scriptores
838 1917 911 1976 nihil
926 1916 988 1976 tere
1005 1920 1113 1978 exstat.
1123 1912 1145 1988 ¹)
1177 1917 1278 1989 Quare

153 2022 177 2080 si
201 2021 269 2098 quis
292 2020 370 2080 hauc¹
392 2022 570 2096 syntaxeos,
601 2037 679 2094 quae
702 2036 782 2078 nunc
805 2023 945 2088 vocatur,
977 2019 1136 2078 historicae
1162 2021 1277 2094 partam

153 2123 248 2184 fusius
272 2126 403 2182 tractare
426 2121 609 2200 susceperit,
637 2121 662 2180 is
691 2122 755 2180 siue
786 2121 875 2182 dubio
903 2121 1164 2199 operaepretium
1187 2102 1280 2203 fuerit

153 2225 297 2286 facturus.
349 2223 407 2285 Sed
438 2242 504 2283 oum
539 2224 589 2284 uni
621 2223 731 2285 homiui
764 2225 885 2285 nimium
909 2242 984 2285 onus
1007 2223 1099 2300 foret,
1129 2223 1278 2300 quomodo

153 2329 262 2405 singuli
294 2328 455 2404 scriptores
487 2323 717 2403 comparationis
747 2327 860 2404 gradus
897 2329 1110 2404 usurpaverint
1139 2332 1279 2388 accurate

157 2423 319 2508 exponere,
349 2431 438 2488 unius
462 2447 498 2489 ex
522 2429 578 2488 illis
601 2431 746 2490 rationem
770 2429 892 2489 dicendi
916 2431 1119 2507 exploravisse
1143 2429 1279 2490 sufficiet.

155 2533 301 2594 Constitui
325 2533 425 2610 igitur,
450 2549 516 2590 cum
533 2532 717 2608 aliquantum
741 2533 769 2591 in
787 2531 933 2592 Herodoti
957 2532 1041 2592 libris
1064 2536 1200 2592 versatus
1215 2533 1279 2610 sim,

155 2635 192 2696 de
224 2634 418 2711 comparativi
450 2652 516 2693 cum
550 2639 723 2710 comparata
753 2654 786 2694 re
818 2635 969 2695 coniuncti
999 2652 1054 2696 usu
1084 2634 1165 2711 apud
1199 2635 1278 2695 huuc

155 2739 329 2815 scriptorem
354 2756 451 2814 pauca
474 2737 638 2816 disputare,
659 2738 750 2814 idque
774 2757 809 2798 co
833 2740 945 2817 magis,
975 2738 1056 2816 quod
1080 2743 1149 2800 aute
1172 2742 1278 2816 quatu·

156 2840 286 2902 ordecim
310 2857 406 2899 anuos
429 2839 599 2900 dissertatio
623 2859 641 2900 a
664 2839 771 2900 Oarolo
787 2840 972 2900 Preibischio
988 2838 1094 2901 Silesio
1118 2839 1280 2918 diligenter

155 2941 293 3003 confecta
308 2943 337 3000 in
353 2942 450 3001 lucem
467 2941 588 3019 prodiit,
611 2960 671 3018 qua
693 2944 792 3019 agitur
815 2942 871 3019 „de
894 2943 1089 3021 comparativi
1112 2961 1178 3004 cum
1202 2962 1279 3002 com-

155 3047 260 3120 parata
291 3062 323 3103 re
355 3043 506 3103 coniuncti
535 3060 592 3102 usu
616 3039 842 3120 Thucydideo“.
875 3043 1008 3112 (Vratisl.
1026 3042 1127 3116 1869.)
1172 3047 1280 3106 Putaui

156 3147 233 3206 cuim
264 3164 324 3206 uon
357 3145 460 3205 inutile
491 3143 555 3204 fore
584 3146 777 3225 perquirere,
816 3147 933 3224 qualem
970 3149 1115 3209 rationem
1152 3151 1281 3226 uterque

157 3250 294 3327 scriptor,
318 3267 445 3326 quorum
460 3248 535 3308 alter
551 3249 648 3308 Jonici
664 3249 740 3308 alter
755 3249 845 3310 Attici
867 3249 985 3310 dicendi
1008 3252 1128 3328 generis
1150 3250 1280 3328 speciem

157 3353 344 3429 praedatio
369 3351 573 3428 comparativo
596 3351 769 3429 usurpando
792 3354 915 3412 secutus
938 3354 984 3413 sit.
1028 3354 1065 3412 llt
1085 3372 1145 3430 quo
1161 3352 1281 3414 facilius

158 3453 409 3531 comparationem
426 3455 582 3515 instituere
599 3456 756 3532 possimus,
778 3474 867 3533 quam
884 3457 1011 3516 manime
1026 3455 1056 3515 iu
1073 3455 1283 3518 distribuenda

158 3558 281 3618 materia
303 3557 519 3616 Prelbisohium
544 3575 662 3634 sequar.

244 3658 400 3719 Editioues
422 3659 568 3720 Herodoti
592 3660 649 3720 hae
672 3661 741 3720 mihi
763 3659 801 3719 ad
826 3680 944 3722 manum
968 3660 1106 3723 fuerunt:
1133 3660 1281 3738 Schweig-

161 3762 307 3836 haeuseri,
329 3762 457 3838 Baehrii,
481 3761 619 3838 Abichtii,
649 3763 809 3839 Kruegeri,
839 3764 944 3824 Steiuii
967 3769 996 3824 et
1018 3764 1111 3824 maior
1134 3767 1163 3824 et
1186 3767 1282 3824 minor

159 3865 416 3926 Weidmauuiaua.
441 3863 593 3924 Dietsohii.
631 3866 776 3942 Exempla
791 3867 913 3926 afferam
930 3885 966 3925 ex
982 3867 1113 3929 editione
1128 3868 1282 3928 Steiuiooa

159 3986 280 4028 mmore.

246 4135 267 4196 ¹)
285 4129 334 4184 ct'r.
353 4131 383 4184 Ε.
403 4129 530 4196 Hllbner‚
556 4131 709 4185 Grundrios
736 4147 769 4184 uu
790 4131 985 4202 Vorlesungen
1009 4133 1078 4186 tiber
1103 4132 1148 4185 dio
1172 4132 1282 4186 Grieoh.

160 4216 276 4285 Syntax.
311 4215 384 4268 Berl.
405 4219 478 4269 1883.
506 4230 568 4283 pag.
583 4220 623 4268 ll.

1080 4426 1093 4477 1
