3104 4860
234 277 330 334 46·

234 432 346 502 πάντα
371 433 434 500 τὸν
462 431 592 498 ἑαυτοῦ
621 427 727 512 ὄλβον
756 425 1017 514 άποολαυρίσειε
1046 427 1100 498 οἷα
1124 425 1164 520 δὴ
1185 433 1289 511 είπος,
1312 426 1359 513 ὥς

234 564 268 603 τε
300 531 391 622 αὐτῷ
420 532 532 602 πάντα
564 529 749 620 ἀποβέβηκέ
780 533 812 600 οἱ
840 539 964 618 τῇπερ
994 535 1121 611 ἐκεῖνος
1143 531 1237 615 είπε,Ι
1254 529 1358 602 oudin
1418 557 1423 564 ·

233 666 266 706 τι
287 644 416 725 μᾶλλον
439 638 471 714 ές
494 635 623 702 ἑωυτὸν
645 630 753 722 λέγων
775 631 794 720 ἢ
819 638 851 713 ἐς
874 631 966 702 έίπιιν
994 633 1033 702 τὸ
1057 631 1279 721 ἀνθρώπινον
1299 641 1358 704 καὶ

233 739 375 827 μάλιστα
405 733 484 817 τούς
515 738 605 824 παρὰ
627 742 717 819 σφίσι
741 732 872 805 αάτοϊσι
902 732 1039 818 ὀλβίους
1061 736 1242 819 δοκέοντας
1264 737 1358 809 εἶναι.

235 851 293 911 Sed
323 857 403 911 reete
435 849 564 909 Sieiniue
592 851 712 918 monuit,
745 852 820 908 hane
852 851 1009 910 verborum
1033 853 1212 910 structurum
1242 852 1357 911 nullum

234 955 420 1033 probabilem
455 971 573 1012 sensum
610 952 764 1029 praebere.
817 951 896 1025 Quid
933 952 1011 1010 enim
1042 953 1124 1012 eliud
1158 953 1233 1012 hneu
1264 955 1360 1014 verbe

234 1043 334 1115 οὐδέν
356 1074 389 1114 τι
410 1051 539 1133 μᾶλλον
569 1047 601 1124 ἐς
624 1043 756 1112 έοουτόν
778 1048 885 1131 λέγων
908 1040 928 1132 ἢ
951 1045 983 1124 ἐς
1006 1038 1097 1112 άπαν
1118 1044 1159 1114 τὸ
1182 1041 1360 1133 άνθρώπι-

234 1175 296 1218 νον
319 1157 489 1235 significant
513 1159 566 1216 nisi
583 1158 649 1231 hoe,
672 1157 753 1233 quod
776 1175 928 1233 nunquam
952 1157 1023 1216 ferri
1038 1162 1149 1233 putent:
1177 1177 1243 1228 „um
1261 1160 1359 1220 niente

235 1263 319 1321 mehr
347 1264 376 1321 in
400 1262 500 1336 Bezug
530 1261 585 1319 ani
611 1261 661 1320 ihu
694 1262 786 1320 selbst
817 1259 942 1336 redend,
972 1260 1016 1319 ein
1044 1261 1073 1318 in
1098 1262 1199 1338 Benug
1221 1262 1275 1322 aui
1302 1260 1358 1320 dun

124 1431 127 1438 ,
234 1383 328 1441 genzo
351 1363 698 1440 Mensehengeeehieehn
711 1363 739 1424 ‹1.
754 1364 783 1422 h.
806 1363 916 1422 ebenso
939 1363 1037 1437 wenig
1059 1363 1088 1422 in
1106 1365 1208 1440 Benug
1230 1363 1286 1424 eui
1304 1365 1356 1423 ihu

234 1469 279 1528 aiu
301 1465 356 1526 nni
382 1465 436 1526 das
458 1485 556 1544 ganne
578 1467 616 1526 M.
639 1465 792 1525 1·edend?“
840 1463 901 1524 Suo
936 1466 1027 1540 igitur
1048 1466 1113 1525 iure
1136 1466 1268 1528 Steinius
1290 1471 1360 1543 pust

234 1558 256 1648 ἤ
278 1571 416 1630 voculam
440 1555 502 1627 οὐκ
525 1570 658 1640 inseruit,
681 1586 742 1645 qna
756 1567 967 1628 emendatione
989 1569 1014 1628 is
1029 1586 1135 1628 sensus
1149 1568 1191 1646 fit,
1212 1569 1264 1646 qui
1280 1587 1359 1628 unns

234 1673 271 1732 ad
296 1673 376 1732 hune
397 1672 496 1732 lunum
519 1671 662 1748 quadrat:
692 1671 804 1730 ebenso
826 1670 897 1731 sehr
927 1671 958 1729 in
982 1671 1082 1747 Benug
1105 1669 1357 1748 auiihn,211in

234 1777 337 1852 Bezng
358 1774 413 1834 ani
433 1773 460 1834 d.
483 1793 577 1851 ganne
600 1775 639 1833 M.
661 1772 784 1833 redend.

319 1939 353 2018 f)
385 1946 487 2006 Affero
519 1945 557 2004 ud
590 1948 755 2004 extremum
779 1944 861 2004 loeos
884 1961 950 2020 eos,
979 1941 1088 2019 quibus
1118 1941 1263 2004 formulae
1286 1935 1359 2020 ἔξω

234 2035 268 2128 ἢ,
296 2037 413 2127 πάρεξ
440 2036 476 2127 ἢ,
506 2038 609 2126 πλὴν
636 2032 673 2124 ἦ,
703 2041 822 2124 χωρίς
855 2031 873 2123 ἢ
903 2037 1060 2123 ¹prneter’3
1099 2031 1202 2125 πλὴν
1232 2032 1252 2122 ἧ
1283 2032 1359 2118 ὅτι,

233 2146 352 2229 χοορὶς
380 2137 400 2228 ἢ
425 2135 487 2208 ὅτι
511 2154 732 2227 ¹praeterquam
756 2147 850 2225 quod'
873 2148 1007 2224 legimus,
1039 2166 1116 2224 quae
1140 2149 1215 2208 rut-io
1239 2149 1358 2208 dieeudi

234 2253 313 2330 apud
332 2253 447 2312 Atticos
470 2270 618 2326 nusquam
639 2249 787 2320 exstem)
825 2250 1063 2324 comparativam
1080 2254 1178 2309 nutem
1195 2253 1253 2310 vim
1270 2253 1358 2311 etiam

236 2359 265 2416 iu
283 2357 327 2415 his
344 2355 489 2432 exemplis
503 2343 523 2432 ἥ
539 2355 706 2430 pertieulue
722 2355 820 2412 inesse
836 2353 962 2412 maxime
978 2357 1104 2429 apparet
1119 2371 1156 2412 ex
1172 2354 1210 2428 ΙΙ,
1227 2357 1359 2424 130,11:

236 2446 299 2518 οὐκ
329 2448 392 2536 ἔχον
422 2450 527 2516 εἰπεῖν
559 2442 650 2535 πλὴν
678 2443 699 2534 ἢ
731 2446 772 2514 τά
801 2440 972 2533 λεγόμενα,
1003 2456 1053 2515 nbi
1085 2442 1127 2513 ου’
1154 2487 1196 2494 —-
1222 2447 1313 2534 πλὴν
1339 2443 1360 2535 ἢ

236 2562 313 2622 idem
338 2562 400 2622 fere
424 2561 502 2620 valet
523 2566 615 2636 atque
639 2545 703 2618 οὐκ
724 2590 767 2599 -
790 2545 875 2616 άλλα
896 2543 926 2635 ἥ.
972 2557 1040 2617 Sim.
1063 2559 1111 2632 lv,
1134 2561 1184 2635 82,
1197 2565 1225 2620 2.

323 2652 406 2724 Haec
429 2664 566 2739 exempla
590 2663 773 2722 invenimus:

322 2765 354 2838 α)
378 2757 451 2841 ἔξω
475 2752 511 2843 ἧι
551 2768 586 2837 li,
610 2768 668 2840 3,ss
699 2751 741 2823 τά
761 2754 823 2842 μέν
847 2780 909 2821 νυν
932 2763 1009 2822 θεῖα
1039 2761 1109 2822 τῶν
1132 2749 1361 2843 ἀπηγημάτων

236 2857 291 2928 oia
313 2857 452 2947 ἢκουον,
476 2852 540 2926 οὐκ
564 2860 628 2942 εἰμὶ
652 2853 830 2944 πρόθυμος
853 2857 1054 2945 ἐξηγέεσθαι,
1077 2857 1141 2942 igne
1163 2853 1182 2944 ἢ
1206 2858 1247 2924 τά
1262 2851 1360 2925 οάνό-

234 2990 321 3052 ματα
342 2956 458 3029 αὐτῶν
480 2967 619 3047 μοῦνον.
669 2971 731 3045 Vll,
754 2973 825 3046 228,
839 2975 878 3029 16
901 2960 1121 3047 ἐπιγράμμασι
1143 2959 1205 3046 μέν
1224 2983 1288 3026 νυν
1303 2965 1359 3026 καὶ

236 3065 382 3153 στήλῃσι,
405 3065 469 3146 ἔξω
490 3059 511 3152 ἢ
532 3059 658 3131 τὸτοῦ
680 3062 820 3149 μάντιος
841 3065 1037 3150 ἐπίγραμμα.

320 3167 443 3254 πάρεξ
464 3161 501 3253 ἥς
526 3178 546 3250 1,
571 3177 670 3246 130,5
695 3168 805 3254 Μῆδοι
896 3162 1056 3252 ἄρξαντες
1078 3170 1137 3254 τῆς
1160 3159 1230 3232 ivm
1246 3159 1361 3245 Ἅλυος

235 3276 391 3357 ποταμοῦ
413 3263 515 3357 Ἀσίης
538 3263 590 3336 ἐπ’
614 3268 688 3336 ἔτεα
710 3267 892 3357 τριήκοντα
908 3272 963 3334 καὶ
975 3267 1106 3336 ἑκατὸν
1123 3271 1214 3335 δυῶν
1230 3263 1359 3348 θέοντα,

236 3372 343 3459 πάρεξ
366 3368 386 3459 ἢ
410 3365 494 3440 ὅσοι·
517 3373 548 3439 οἱ
572 3369 709 3440 Σκάθαι
732 3367 842 3459 ἦρχον.

321 3474 422 3563 πλὴν
450 3470 482 3563 ἧς
516 3485 551 3554 ΙΙ,
575 3487 704 3561 111,19
737 3467 973 3559 ἀναβλέψαντα
1004 3477 1037 3541 ιίέ
1073 3489 1270 3561 συναγαγεῖν
1302 3473 1360 3552 τὰς

236 3595 396 3666 γυναῖκας
425 3584 496 3644 τῶν
528 3576 701 3664 ἐπειράθη,
732 3577 824 3663 πλὴν
854 3573 956 3664 ἢτῇς
987 3583 1036 3664 τῷ
1062 3572 1155 3663 οάριμ
1179 3576 1359 3663 νιψάμενος

237 3676 410 3765 ἀνέβλεψε.
456 3690 493 3762 11,
518 3693 586 3765 130,
601 3695 636 3749 11
663 3707 690 3747 ν.
705 3706 804 3764 supra.
843 3689 892 3758 v1,
916 3693 944 3764 5,
958 3693 996 3748 15
1018 3678 1077 3758 τὰς
1093 3680 1130 3745 ἐκ
1144 3685 1208 3747 τοῦ
1224 3677 1359 3746 Πόντου

236 3783 440 3863 ἐκπλεούσας
462 3789 533 3851 τιῆν
556 3790 644 3851 νειῦν
666 3782 867 3869 ἐλάμβανον,
889 3777 981 3871 πλὴν
1003 3778 1023 3870 ἢ
1048 3778 1122 3849 ὅσοι
1143 3775 1359 3849 αι’τοὸνἾστι-

237 3891 299 3973 αίιμ
322 3888 448 3972 ίφασαν
473 3885 600 3972 έτοιμοι
622 3884 705 3953 εἶναι
729 3889 919 3954 πείθεσθαι.

320 3993 440 4076 χωρίς
455 3984 488 4076 ἧς
514 3999 549 4075 11,
567 4003 615 4074 77,
630 4003 666 4058 21
692 3983 733 4054 τὰ
749 3992 783 4056 οὲ
807 3985 891 4055 άλλα
908 3984 968 4056 ὅσα
983 3984 1004 4074 ἢ
1021 3983 1175 4073 ὀρνίθων
1190 3983 1209 4074 ἢ
1226 3985 1358 4071 ίχθάιον

238 4115 294 4176 σιμ
320 4095 388 4158 ἐστὶ
413 4089 561 4176 ἐχόμενα,
583 4094 684 4177 χωρὶς
706 4086 726 4179 ἢ
750 4085 865 4156 ὁκόσοι
889 4111 945 4172 σιγι
971 4089 1037 4176 ἱροὶ
1061 4082 1311 4174 ἀποδεδέχαται.

279 4221 287 4224 ’
309 4220 364 4330 ”ej
376 4261 412 4316 ef.
432 4262 545 4316 nuuner
563 4279 603 4331 gr.
617 4277 657 4330 gr.
676 4266 761 4330 55⁴2,
778 4267 798 4316 1.
835 4261 944 4330 Kruger
962 4261 1007 4315 Di.
1021 4267 1061 4329 uu,
1074 4266 1115 4330 31,
1128 4265 1151 4314 ε.
