3104 4860
266 301 307 358 30

264 460 340 544 ραίη
363 455 517 544 ἐνοόρεον,
542 449 749 542 ἀπήλαυνον.
796 466 862 524 Huc
878 465 1007 540 quadrat
1022 446 1143 542 quoque
1159 465 1242 524 loeus
1265 465 1301 540 Η,
1319 469 1392 541 111,
1414 450 1418 456 ’

268 573 307 630 19
330 571 367 628 de
390 587 450 646 quo
474 588 501 627 v.
525 589 552 645 p.
575 572 625 629 46.

349 671 409 731 Sub
439 670 564 730 eundem
595 670 675 728 bunc
702 669 837 729 ordinem
868 669 1016 729 referendi
1039 675 1109 729 sunt
1131 670 1198 745 loei,
1220 671 1271 746 qui
1296 654 1391 740 ὅσος

264 792 330 831 eum
354 761 375 850 ή
399 772 589 831 coniunctum
614 773 765 832 exhibent:

351 875 479 952 VH‚23‚
498 880 535 935 16
560 861 714 952 ἀίρυσσον
745 865 784 932 τὸ
814 867 875 951 μέν
906 862 978 932 ἀνιο
1008 863 1114 950 στόμα
1141 871 1199 953 τῆς
1222 860 1391 952 διώρυχος

263 976 437 1048 ποιεῦντες
453 966 632 1055 διπλήσιον
647 964 667 1054 ἢ
685 963 767 1036 ὅσον
782 968 851 1034 ἐ’δεε
865 961 972 1052 αὐτήν
982 966 1045 1054 τήν
1057 962 1204 1053 διώρυχα
1216 971 1387 1053 γενέσθαι.

239 1077 352 1140 ,Adde
380 1085 441 1140 tres
471 1081 551 1140 Ιοοοε
581 1081 618 1148 ΙΙ,
644 1084 752 1150 77,21.
790 1080 839 1148 VI,
863 1080 1062 1154 5,15.-1,
1087 1083 1185 1153 130,6
1216 1079 1253 1137 de
1278 1080 1389 1155 quibus

263 1204 291 1243 v.
307 1204 334 1262 p.
350 1188 399 1245 46.
422 1214 463 1221 -
495 1185 539 1242 De
564 1184 671 1242 omisso
696 1184 871 1259 pronomine
896 1167 974 1251 ὅσος
998 1181 1189 1257 cogitandum
1214 1188 1259 1241 est
1274 1183 1387 1252 vute

263 1272 304 1344 οὐ
328 1276 369 1345 σύ
392 1302 427 1364 γε
450 1278 549 1362 ήμέας
574 1270 777 1361 ἀπολείψεις,
806 1277 878 1342 ἐπεί
901 1301 954 1341 τοι
977 1274 1041 1361 ἐγώ
1062 1277 1149 1360 μέζον
1172 1278 1263 1361 δοὸρα
1287 1274 1388 1342 δώσω

261 1376 283 1466 ή
306 1379 456 1463 βασιλεδς
487 1374 528 1444 ἀν
556 1404 610 1445 τοι
633 1376 761 1467 Μήδων
791 1381 930 1465 πέμψειε
962 1372 1165 1444 ἀπολιπόντι
1197 1377 1275 1456 τοὺς
1308 1398 1389 1463 συμ-

261 1481 393 1569 μάχους.
444 1495 524 1559 425
556 1479 805 1567 συνελέχθησάν
835 1507 866 1546 τι
890 1481 929 1567 δή
961 1487 1078 1567 πολλῷ
1108 1485 1251 1558 πλεῦνες
1275 1477 1388 1570 νέεςή

262 1577 313 1650 ἐπ’
335 1577 520 1670 Ἀρτεμισίῳ
544 1580 757 1668 ἐναυμάχεον.
798 1597 877 1660 bet
893 1576 956 1650 οάκ
972 1581 1147 1660 ἐλάσσονες
1163 1581 1275 1662 ἐόντες
1290 1576 1389 1668 ἀριθ·

261 1681 326 1771 μὸν
348 1687 508 1766 ἐσέβαλον
530 1686 562 1764 ές
577 1679 635 1763 τάς
656 1679 794 1772 Ἀθήνας
816 1738 863 1753 ...
886 1682 906 1774 ή
922 1687 978 1752 ε’πί
993 1710 1027 1751 τε
1045 1683 1204 1773 Σηπιάδα
1220 1681 1387 1752 ἀπίκοντο

263 1789 318 1853 καὶ
342 1786 375 1865 ές
400 1781 629 1872 Θερμοπύλας.

349 1899 515 1974 Aliquotiee
545 1898 674 1973 denique
697 1898 868 1957 Herodotus
890 1899 919 1956 in
949 1898 1094 1958 eiusmodi
1118 1900 1279 1959 enuntiatis
1309 1918 1387 1958 eem-

263 2007 398 2080 paeetum
423 2001 584 2060 membrum
609 2020 663 2078 per
685 1987 706 2078 ἢ
730 1984 782 2071 ὡς
804 2025 845 2046 =
867 2001 911 2060 ele
927 2001 982 2060 wie
999 2026 1039 2046 =
1055 2002 1202 2078 adiungit,
1224 2021 1300 2078 quae
1317 2021 1386 2062 eon-

263 2105 386 2164 structio
411 2104 447 2162 ab
470 2091 586 2162 Attieie
600 2103 763 2162 abhorrere
786 2100 955 2173 videtur.¹⁶)

350 2209 371 2276 1,
388 2211 438 2282 22,
455 2211 491 2265 11
516 2191 617 2283 ήκούε
642 2202 704 2262 τοῦ
726 2194 872 2282 κήρυκος
895 2191 1123 2284 νοστήσαντος
1145 2198 1182 2263 ἐκ
1205 2202 1263 2284 της
1278 2195 1386 2284 Μιλή-

262 2326 324 2367 του
346 2295 426 2378 τούς
450 2300 624 2376 ἐναντίους
646 2293 768 2384 λόγους
791 2294 810 2386 ἢ
833 2302 878 2376 ὡς
894 2293 995 2378 αὐτός
1016 2297 1203 2366 κατεδόκεε.
1249 2310 1298 2382 VI,
1317 2313 1386 2379 107,

266 2416 303 2472 13
335 2406 391 2470 καί
422 2402 453 2468 οἱ
484 2407 591 2468 ταῦτα
627 2404 775 2468 διέποντι
808 2402 935 2490 ἐπῆλθε
966 2417 1106 2490 πταρεῖν
1134 2429 1167 2468 τε
1202 2405 1258 2469 καὶ
1288 2408 1383 2488 βῆξαι

261 2503 408 2591 μεζόνως
431 2501 449 2593 ή
473 2501 518 2584 ὡς
541 2503 654 2571 εἰόδεε.
686 2545 728 2554 -
761 2516 885 2574 Duobus
917 2515 989 2573 loeis
1018 2533 1072 2590 pre
1095 2515 1159 2591 ipso
1183 2516 1385 2589 comparativo

262 2619 369 2676 locutio
393 2622 490 2676 exstet
513 2635 563 2686 ea,
595 2618 642 2676 eui
673 2619 718 2676 vis
749 2618 953 2693 comparativa
972 2611 1074 2696 finest:
1112 2619 1133 2690 1,
1158 2620 1248 2689 79,9
1280 2601 1325 2687 δίς
1352 2609 1385 2673 οί

261 2711 352 2798 παρὰ
376 2709 477 2794 δόξαν
501 2709 573 2795 έσχε
596 2706 639 2775 τά
660 2704 837 2796 πρήγματα
860 2706 879 2797 ἢ
902 2707 945 2787 ὡς
962 2704 1064 2789 αὐτὸς
1080 2708 1266 2778 κατεδόκεε.
1305 2720 1385 2794 vul,

262 2827 324 2893 4,3
356 2813 425 2879 ἐπεὶ
460 2806 589 2879 αὐτοῖσι
611 2812 704 2896 παρὰ
726 2806 829 2896 δόξαν
851 2805 893 2878 τό
916 2810 1091 2900 πρήγματα
1113 2818 1185 2880 τῶν
1205 2811 1385 2898 βαρβάρων

263 2910 419 2998 ἀπέβαινε
441 2912 461 3002 ή
487 2912 531 2993 ὡς
555 2908 651 2982 αιῗτοί
674 2914 885 2982 κατεδόκεον.
932 2925 1031 2984 Facile
1051 2926 1126 2984 enim
1144 2925 1192 2983 hie
1208 2943 1262 3002 pro
1285 2915 1385 3002 ,παρὰ

262 3011 375 3100 δόξαν’
398 3020 510 3102 ,μέζιδ
535 3029 582 3086 vel
606 3027 665 3086 tale
689 3027 760 3103 quid
784 3029 958 3087 substituas.

347 3132 451 3188 'Restat
474 3134 506 3188 ut
530 3131 611 3188 Ιοοοε
634 3131 794 3189 afferamus
818 3147 875 3207 οοε,
899 3132 950 3206 qui
973 3117 992 3207 ἢ
1018 3149 1082 3188 eum
1108 3130 1298 3190 ve1·b0finit0
1315 3149 1382 3190 eon-

261 3233 393 3290 iunetum
425 3231 584 3307 exhibent,
615 3235 653 3292 ita
688 3233 827 3309 quidem,
858 3237 891 3291 ut
920 3220 963 3301 ὡς
994 3235 1132 3292 omissum
1161 3251 1227 3292 esse
1250 3251 1382 3292 censeas.

262 3332 320 3392 Sex
351 3335 439 3392 buius
470 3336 588 3408 generis
618 3336 757 3411 exempla
780 3336 965 3408 ἱυυεοίιοιιε,
1002 3353 1128 3411 quorum
1153 3339 1281 3410 quatuor
1302 3336 1383 3413 impf.

260 3417 303 3514 ήν
326 3436 486 3513 praebent:
532 3439 653 3512 l‚97,7
678 3426 795 3514 ἒοόσης
826 3417 875 3494 σόν
908 3425 1059 3514 ἁρπαγῆς
1086 3432 1141 3494 καί
1175 3422 1312 3514 ἀνομίης
1335 3429 1382 3496 έτι

260 3535 378 3616 πολλῷ
408 3535 539 3615 μᾶλλον
570 3525 633 3597 ἀνὰ
663 3527 722 3608 τὰς
750 3530 861 3616 κοίμας
884 3527 904 3617 ή
928 3530 1094 3616 πρότερον
1117 3527 1167 3619 ἢν
1214 3542 1381 3614 1761263

262 3627 344 3699 ὥστε
375 3638 492 3719 πολλή)
523 3626 795 3718 ὀνομαστοτέρην
824 3635 980 3718 γενέσθαι
1011 3640 1064 3713 (se.
1087 3625 1151 3718 τήν
1173 3625 1381 3718 τολνάίλκμε-

263 3738 398 3802 ιονίδοιν
420 3736 542 3822 οἰκίην]
568 3735 602 3799 έν
624 3748 708 3800 τοῖσι
718 3728 850 3821 Ἕλλησι
872 3730 892 3822 ή
907 3729 1076 3820 πρότερον
1092 3729 1142 3821 ἦν.
1176 3746 1325 3818 V11,101‚
1344 3749 1379 3803 17
1485 3821 1489 3828 Ι

261 3834 326 3920 φὰς
341 3832 442 3905 οὐδέν
457 3837 489 3904 οί
505 3830 707 3923 ἀηδέστερον
723 3835 857 3904 ἔσεσθαι
873 3833 893 3924 ἢ
910 3835 1078 3923 πρότερον
1093 3832 1144 3923 ήν.
1168 3877 1209 3886 -
1234 3847 1296 3916 Vll,
1320 3852 1345 3921 7,
1362 3850 1380 3906 5

260 3943 314 4006 καί
339 3942 514 4026 Αἴγυπτον
542 3945 653 4006 πᾶσαν
688 3939 821 4007 πολλόν
862 3942 1067 4026 δουλοτέρην
1104 3939 1243 4027 ποιήσας
1275 3935 1294 4027 ή
1327 3939 1380 4007 ἐπὶ

261 4046 401 4130 δαρείου
424 4031 473 4130 ἦν.
615 4038 617 4044 ’

348 4273 380 4338 ¹⁰)
397 4268 431 4320 ef.
450 4267 565 4321 Ktthner
583 4283 623 4337 gr.
640 4285 680 4336 gr.
698 4267 785 4336 §542
804 4261 841 4321 A.
855 4273 878 4324 5.
914 4269 1025 4338 Krtiger
1044 4268 1087 4322 Di.
1107 4273 1147 4337 69,
1166 4273 1207 4338 31,
1225 4273 1248 4324 2.
