3104 4860
185 187 198 210 ”
245 242 265 300 s

241 405 386 486 χειμῶνα
410 397 617 484 καλεόμενον
639 399 681 466 τὰ
705 399 846 486 ἔμπαλιν
863 399 997 468 τούτων
1013 400 1155 487 έρδουσι.
1201 412 1266 486 vn,
1283 415 1332 486 58,
1348 414 1367 473 4

170 519 173 523 '
242 500 286 569 τὰ
308 502 452 588 έμπολιν
474 500 637 589 πρήσσων
660 509 721 569 τοῦ
744 510 856 586 πεζοῦ.

327 646 362 709 b.
408 651 497 710 Nunc
520 643 701 709 disseremus
727 649 764 710 de
787 651 821 710 iis
836 651 1016 728 notionibus,
1039 670 1118 728 quac
1135 651 1263 712 medium
1279 652 1366 729 quasi

162 835 167 840 ι
243 757 347 814 tenent
377 753 455 812 inter
485 771 521 812 ea
550 752 684 830 nomina,
715 771 793 829 quae
816 754 871 813 iam
896 754 1104 830 tractavimus,
1134 758 1164 814 et
1184 754 1267 829 ipsos
1290 773 1368 815 com·

243 855 409 933 parativos;
433 855 603 932 quibusque
626 853 870 933 vei'temporalis
894 857 942 916 vel
966 856 1071 916 localis
1092 855 1270 933 significatio
1291 857 1368 917 inest

246 957 313 1032 (cir.
335 958 491 1019 Preibisoh
514 978 542 1035 p.
557 958 616 1031 14).
1405 941 1410 948 ¹

329 1078 404 1139 Sunt
420 1077 500 1155 apud
517 1077 718 1139 Herodotum:
740 1067 952 1155 πρότερος,
976 1062 1156 1155 ὕστερος,
1181 1065 1368 1156 δεύτερος

243 1214 285 1223 -
307 1169 565 1260 προσωτέρω,
589 1165 791 1258 οἷνωτέρω,
815 1174 1034 1258 κατωτέρω.

329 1303 385 1364 Sed
409 1300 490 1379 quod
514 1301 718 1361 Preibischius
741 1302 759 1360 Ι.
774 1302 791 1360 Ι.
815 1299 902 1377 dicit,
931 1300 985 1360 has
1011 1302 1147 1362 notiones
1170 1302 1244 1361 adeo
1269 1303 1367 1362 relati·

245 1423 312 1464 vam
344 1406 402 1464 vim
433 1404 591 1480 habentes,
628 1422 782 1480 nunquam
814 1406 847 1463 ut
877 1421 914 1462 ne
945 1403 1213 1479 comparativorum
1245 1405 1366 1480 quidem

244 1507 331 1568 modo
363 1507 401 1567 ad
433 1507 599 1568 absolutam
636 1506 785 1585 quandam
821 1505 998 1566 adiectivam
1031 1508 1179 1567 notionem
1212 1508 1368 1585 adspirare

244 1610 413 1688 videantur,
435 1611 688 1671 substantivorum
714 1611 865 1669 nominum
889 1610 935 1668 vel
957 1610 1165 1686 pronominum
1181 1628 1299 1687 semper
1313 1611 1367 1670 ad·

244 1713 372 1774 sciscere
395 1711 569 1790 genitivum,
600 1711 756 1790 repudiata
779 1712 873 1771 altera
896 1711 1087 1788 comparandi
1110 1713 1235 1789 ratione,
1264 1732 1323 1790 qua
1346 1699 1367 1791 ή

245 1835 312 1876 cum
336 1805 455 1876 nomine
485 1816 584 1892 aliquo
607 1815 795 1876 substantivo
819 1815 1009 1876 coniunctum
1034 1816 1236 1892 comparativo
1259 1816 1366 1876 adicia-

190 1905 193 1909 ’
245 1921 294 1979 tur
316 1949 358 1958 -—
383 1919 522 1978 assentiri
546 1919 572 1976 ei
596 1937 654 1977 non
679 1935 807 1995 possum.
846 1916 973 1996 Saepius
989 1918 1066 1978 enim
1082 1916 1162 1994 apud
1179 1916 1366 1977 Herodotum

245 2021 384 2097 exempla
407 2019 685 2096 deprehenduntur,
715 2020 824 2097 quibus
847 2023 915 2096 post
936 2008 1101 2099 πρότερος
1124 2017 1202 2094 (ον),
1230 2006 1367 2097 ὕστερος

245 2123 395 2200 particula
417 2109 437 2202 ή
460 2142 526 2183 eum
559 2123 677 2182 nominc
707 2122 809 2199 aliquo
837 2121 1024 2182 substantivo
1054 2126 1164 2196 exstat,
1197 2127 1229 2183 ut
1251 2124 1273 2199 1,
1295 2127 1366 2198 4‚3

244 2219 432 2305 προτέρους
449 2215 511 2303 γὰρ
529 2213 623 2303 ἄρξαι
638 2213 879 2302 στρατεύεσθαι
902 2216 934 2295 ές
957 2214 1020 2302 τήν
1040 2209 1145 2302 Ἀσίην
1168 2212 1188 2302 ἢ
1212 2218 1312 2298 σφέας
1335 2216 1367 2294 ἐς

244 2312 503 2407 τὴνποριιπιμ,
527 2330 580 2386 ιιι.
597 2328 684 2387 etiam
701 2329 723 2403 1,
741 2331 827 2404 vae.
851 2328 887 2404 11,
902 2332 970 2402 146,
985 2332 1030 2386 ιι.
1054 2327 1208 2404 111,4v‚s.
1233 2329 1265 2404 v,
1280 2332 1327 2403 uu,
1339 2330 1366 2388 5.

245 2429 304 2491 Sed
327 2430 364 2491 de
387 2431 433 2490 bis
456 2429 541 2490 infra.

330 2549 362 2623 α)
400 2552 500 2629 Atque
531 2570 596 2611 cum
629 2551 709 2629 apud
733 2550 943 2628 Thucydidem
974 2555 1036 2610 tres
1065 2554 1179 2610 tantum
1204 2551 1263 2610 loci
1286 2552 1366 2610 inve·

245 2654 378 2733 niantur,
411 2654 461 2713 ubi
492 2643 688 2732 πρότερος
717 2655 774 2712 adi.
807 2655 854 2712 vcl
884 2653 951 2714 adv.
973 2643 1174 2730 πρότερον
1205 2671 1271 2738 qum
1300 2671 1367 2729 gen.

245 2758 371 2819 nominis
395 2762 500 2834 exstat,
522 2757 668 2817 Herodoti
692 2756 758 2815 iibri
783 2758 877 2815 multo
901 2756 987 2832 pinra
1011 2757 1156 2832 exempla,
1179 2758 1313 2834 quinque
1337 2761 1366 2816 et

244 2861 375 2937 triginta,
397 2861 553 2937 praebent.

329 2979 391 3038 Iam
414 2978 534 3055 singula
557 2978 809 3048 enumerabimus,
842 2981 871 3037 et
893 2978 1019 3054 primurn
1044 2997 1095 3054 eu,
1124 2979 1153 3037 in
1178 2975 1287 3056 quibus
1310 2978 1366 3037 adi.

243 3071 406 3160 πρότερος
422 3084 594 3158 usurpatur.
633 3081 708 3141 Sunt
724 3085 805 3140 octo:
830 3082 851 3159 1,
869 3085 939 3158 168,
954 3084 972 3142 5
993 3075 1049 3138 καί
1065 3072 1216 3139 ἐνθαῦτα
1234 3072 1368 3138 έκτισαν

243 3169 346 3242 πόλιν
364 3173 518 3264 Ἄβδηρα,
542 3173 603 3261 τήν
623 3173 787 3261 πρότερος
803 3173 938 3241 τούτων
962 3178 1188 3261 Κλαζομένιος
1216 3167 1368 3261 Τιμήσιος

243 3282 357 3358 κτίσας
381 3272 444 3345 οὐκ
468 3273 637 3365 ιέπαίνητο.
682 3287 717 3357 ΙΙ,
735 3292 762 3361 2,
777 3291 797 3346 4
819 3271 887 3344 ιῖπὸ
903 3277 1030 3344 τούτου
1047 3281 1219 3364 νομίζουσι
1236 3275 1368 3364 Φρύγας

242 3384 430 3469 προτέρους
460 3383 616 3467 γενέσθαι
649 3379 803 3448 ἑωυτῶν·
842 3394 891 3465 46,
913 3394 930 3450 2
954 3380 1017 3448 τὸν
1047 3387 1144 3448 Πᾶνα
1173 3386 1245 3447 τῶν
1276 3376 1367 3446 <ind

245 3490 337 3550 θεῶν
362 3487 552 3570 λογίζονται
583 3481 667 3549 εἶναι
699 3483 730 3547 oi
753 3481 953 3569 Μενδήσιοι,
986 3482 1066 3560 τοὺς
1089 3485 1124 3549 δὲ
1151 3477 1242 3549 sixto)
1265 3480 1368 3560 ίλεοίς

245 3584 386 3664 τούτους
401 3590 588 3672 προτέρους
604 3592 674 3651 τῶν
687 3584 839 3652 ιίυοίιίεκα
856 3592 948 3652 θεῶν
961 3606 1040 3669 φασι
1058 3590 1223 3672 γενέσθαι.
1265 3598 1334 3670 140,
1349 3599 1366 3654 9

244 3689 277 3755 οί
299 3687 460 3775 πρότεροι
490 3686 665 3774 γινόμενοι
696 3691 843 3768 βασιλέες
863 3683 1068 3774 Ῐ-Ιμυρταίου.
1116 3699 1166 3773 ΙΙΙ,
1185 3701 1287 3773 lanu
1312 3690 1368 3754 καὶ

244 3792 272 3856 εἰ
289 3789 329 3877 δή
344 3816 394 3868 τις
410 3787 512 3866 ἄλλος
533 3788 697 3876 πρότερος
713 3789 839 3858 τούτου
855 3780 931 3879 ήρξε
947 3797 1006 3878 τής
1022 3789 1202 3878 θαλάσσης.
1248 3803 1365 3869 137,11

244 3895 296 3960 ἐπὶ
315 3897 390 3960 τίνα
407 3897 442 3958 (ΙΙ
459 3898 553 3979 τήςιίι
571 3897 739 3980 προτέρην
752 3893 1025 3981 στρατευσόμεθα
1039 3893 1162 3971 πόλιν,·
1188 3904 1367 3979 vl‚138‚23
1432 3923 1435 3928 ·

246 3994 312 4062 άπὸ
335 3994 460 4064 τούτου
483 3997 516 4062 dd
541 4000 603 4064 που
628 3995 727 4083 ἔργου
750 4000 804 4062 καὶ
828 4002 890 4062 τοῦ
913 4000 1083 4082 προτέρου
1107 3994 1241 4063 τούτων
1267 4048 1292 4061 ..
1319 4020 1368 4060 νε-

244 4097 395 4186 νόμισται
421 4152 446 4165 ..
469 4103 657 4166 καλέεσθαι.
704 4109 769 4187 VH,
786 4112 857 4185 205,
876 4114 892 4169 7
917 4103 969 4166 uui
996 4097 1080 4166 ιίιότι
1111 4097 1276 4186 πρότερος
1292 4098 1367 4184 ,έμε-

244 4198 338 4288 γόνεε
362 4196 612 4290 Κλεομβρότου.
