3104 4860
688 1119 996 1193 PRAEFATIO.

360 1416 538 1492 Priusquam
568 1414 606 1474 ad
638 1414 667 1473 id
699 1415 779 1492 quod
811 1415 895 1475 nobis
933 1416 1142 1493 proposuimus
1178 1405 1401 1494 aggrediamur,

275 1519 406 1579 breviter
436 1519 644 1596 exponendum
668 1517 790 1577 videtur
812 1537 900 1594 quam
924 1518 1069 1577 rationem
1085 1518 1140 1595 ipsi
1156 1518 1186 1578 in
1204 1521 1399 1596 comparativi

275 1640 342 1681 cum
374 1623 546 1697 comparata
575 1639 608 1680 re
632 1622 782 1680 coniuncti
812 1638 868 1681 usu
899 1621 979 1698 apud
1007 1621 1193 1681 Herodotum
1216 1622 1398 1683 illustrando

274 1724 370 1784 secuti
393 1725 491 1782 simus.
1120 1771 1124 1777 .

359 1823 473 1884 Scimus
497 1829 595 1884 autem
619 1825 751 1900 linguam
775 1843 914 1900 graecam
939 1822 1049 1900 duplici
1073 1823 1219 1910 modo-uti
1234 1826 1264 1883 in
1280 1824 1398 1886 duabus

273 1928 364 1988 robus
387 1927 465 1986 inter
488 1945 519 1986 se
543 1926 767 2004 comparandis:
790 1931 842 1986 aut
864 1927 941 1986 enim
965 1925 1116 2002 genitivus
1140 1927 1181 1986 rei
1206 1931 1398 2003 comparatae

272 2032 404 2108 ponitur,
434 2035 486 2091 aut
510 2031 691 2106 comparatio
713 2049 768 2106 per
791 2015 810 2106 ἢ
836 2031 1037 2106 comparativo
1061 2029 1235 2089 adiunctum
1259 2030 1397 2090 efficitur.

272 2135 338 2192 Jam
362 2134 385 2192 si
409 2134 589 2208 quaerimus,
613 2131 685 2208 quid
708 2131 747 2190 de
769 2132 890 2207 genitivi
908 2131 937 2190 in
954 2132 1010 2191 hac
1027 2151 1060 2191 re
1075 2149 1131 2191 usu
1148 2133 1176 2190 in
1194 2132 1396 2208 grammaticis

273 2235 378 2294 libellis
399 2234 609 2314 praecipiatur,
632 2232 719 2292 valde
735 2235 813 2292 inter
835 2252 867 2292 sc
890 2233 1049 2294 dissentire
1073 2234 1177 2295 doctos
1193 2235 1273 2295 viros
1289 2235 1396 2294 elucet.

272 2338 317 2396 Ac
347 2338 473 2413 primum
505 2336 624 2414 quidem
657 2340 738 2396 recte
769 2335 969 2395 Preibischius
999 2337 1039 2403 tin
1063 2335 1132 2396 diss.
1155 2355 1209 2396 sua
1231 2357 1260 2414 p.
1282 2337 1395 2415 8sqq.)

272 2439 392 2500 videtur
415 2441 574 2516 monuisse,
597 2459 614 2497 a
637 2438 791 2498 nonnuliis
814 2439 1015 2514 grammaticis
1039 2437 1215 2499 affirmatum
1240 2457 1316 2516 csse,
1343 2459 1394 2516 ge·

272 2544 395 2602 nitivum
428 2547 617 2620 comparatae
650 2543 693 2616 rei
724 2541 764 2601 ibi
795 2543 979 2618 potissimum
1012 2545 1140 2618 exstars,
1171 2542 1221 2601 ubi
1245 2543 1394 2618 copiosius

272 2645 405 2705 dicentes
428 2633 449 2720 ἥ
473 2664 539 2704 cum
563 2664 624 2704 acc.
649 2645 696 2702 vel
720 2663 797 2703 nom.
819 2663 933 2720 ponere
957 2661 1078 2704 necesse
1109 2650 1202 2722 esset,
1233 2646 1395 2705 insolenter

270 2752 367 2808 autem
400 2751 429 2806 et
458 2749 543 2824 quasi
572 2752 657 2806 extra
687 2746 821 2806 ordinem
850 2766 905 2823 pro
934 2733 954 2826 ἦ
987 2766 1053 2805 cum
1085 2747 1144 2806 dat.
1166 2749 1215 2808 vel
1238 2767 1305 2823 gen.
1328 2746 1394 2820 (cfr.

267 2849 456 2926 Matthiae,
478 2850 528 2910 Gr.
545 2846 616 2910 (ὶι.3
639 2850 656 2919 ᾗ·
674 2853 745 2927 453,
761 2852 795 2909 A.
813 2855 839 2910 2.
885 2848 1047 2925 Curtius,
1070 2849 1120 2909 Gr.
1136 2849 1273 2927 Schulgr.
1288 2851 1305 2920 ᾗ
1321 2855 1394 2927 416,

269 2954 303 3012 Α.
315 2949 352 3027 1.)
389 2953 453 3012 Hoc
469 2953 551 3012 nullo
564 2952 652 3012 modo
665 2952 736 3012 ferri
749 2970 836 3029 posse
850 2971 916 3011 cum
929 2953 978 3010 alii
990 2952 1174 3028 grammatici
1198 2952 1393 3031 (Krueger,

253 3115 254 3118 ,
269 3055 319 3114 Gr.
332 3054 397 3131 Spr.
408 3059 458 3125 47,
472 3059 520 3115 27.
550 3055 735 3124 Knchner,
759 3055 808 3115 Gr.
825 3055 874 3114 Gr.
897 3055 915 3124 ἓ
928 3059 999 3130 543,
1014 3059 1039 3114 1.
1054 3051 1085 3124 2)
1109 3054 1314 3132 ostenderunt,
1329 3062 1391 3114 tum

268 3157 469 3217 Firniraber
500 3157 652 3231 (Zeitschr.
682 3157 701 3216 f.
732 3158 954 3216 Alterthumsw.
986 3159 1040 3217 VII
1066 3156 1172 3230 (1840)
1200 3178 1228 3236 p.
1254 3159 1391 3228 1213ff.)

267 3261 414 3336 exemplis
443 3279 459 3319 e
490 3261 591 3320 multis
622 3262 801 3336 scriptorum
825 3260 1010 3320 Graecorum
1042 3260 1124 3320 libris
1147 3261 1247 3336 petitis
1271 3261 1391 3321 demon·

267 3364 381 3422 stravit.
438 3363 538 3440 Atque
569 3364 660 3423 multo
692 3365 778 3422 etiam
803 3363 897 3440 magis
931 3362 960 3421 id
992 3368 1073 3422 recte
1105 3380 1136 3422 sc
1168 3364 1276 3423 habere
1307 3363 1391 3424 nobis

268 3467 485 3542 persuasimus,
516 3466 595 3542 quod
627 3466 707 3543 apud
731 3465 916 3525 Herodotum
949 3466 1083 3526 nonnulli
1107 3466 1164 3524 loci
1188 3467 1391 3544 inveniuntur,

267 3570 316 3627 ubi
346 3569 495 3646 genitivus
525 3587 579 3644 pro
611 3557 631 3647 ἥ
663 3588 728 3628 cum
761 3569 981 3646 praepositione
1014 3569 1115 3644 aliqua
1139 3569 1255 3645 positus
1278 3574 1339 3628 est:
1367 3569 1391 3645 I,

268 3675 371 3749 133,3
396 3663 432 3729 ἐν
455 3656 562 3747 ταύτῃ
589 3664 623 3728 ot
646 3665 741 3728 πλέοι
766 3666 862 3728 doira
885 3665 954 3728 τῶν
980 3655 1110 3728 ἀλλέων
1131 3665 1292 3730 δικαιεῦσι
1308 3687 1393 3750 aco-s

265 3768 423 3832 τίθεσθαι
446 3799 487 3820 =
509 3761 529 3853 ἢ
553 3765 589 3832 ἐι
611 3772 684 3850 τῇσι
708 3763 832 3850 drapo.
872 3774 1346 3853 sim.111‚137‚1r.1v,16,5.

351 3877 513 3936 Veniamus
536 3896 617 3938 nune
644 3877 682 3937 ad
706 3879 792 3938 aliam
817 3896 941 3955 eamque
964 3879 1057 3937 multo
1081 3876 1276 3937 difficiliorem
1301 3895 1389 3954 quae·

264 3980 407 4058 stionem,
437 3998 505 4039 num
538 3981 609 4056 quid
639 3981 818 4040 discriminis
849 3980 1017 4041 intercedat
1048 3981 1126 4040 inter
1155 3980 1230 4041 duas
1252 3981 1325 4041 istas
1347 3979 1388 4039 di·

266 4084 352 4144 cendi
367 4085 508 4161 rationes,
530 4087 560 4143 et
582 4083 605 4143 si
630 4085 702 4161 quid
726 4084 902 4158 intercedat,
925 4083 1013 4161 quale
1036 4081 1066 4142 id
1090 4085 1134 4143 sit.
1178 4084 1277 4160 Atque
1293 4101 1388 4162 gram·

265 4187 363 4246 rustici
396 4205 573 4263 quamquam
605 4186 654 4245 alii
685 4187 753 4263 plus
786 4187 834 4245 aiii
859 4187 956 4245 minus
979 4186 1016 4245 dc
1039 4186 1096 4246 hac
1118 4205 1151 4246 rc
1174 4185 1388 4264 disseruerunt,

263 4289 291 4349 in
317 4307 352 4348 co
375 4292 473 4348 tamen
503 4308 606 4349 omncs
636 4288 698 4349 fere
728 4291 936 4366 consentiunt,
967 4291 1002 4348 nt
1031 4287 1149 4348 dicendi
1180 4293 1294 4348 tantum
1326 4307 1384 4347 non
