3104 4860
232 245 273 301 38

232 411 314 469 σθαι
336 401 417 481 τούς
441 404 644 487 οἰχομένους.
691 411 772 487 VIII,
797 415 918 486 144,12
942 417 1031 468 τοῖσι
1051 395 1151 488 ἡμέας
1168 397 1359 488 ἀναγκαίως

231 503 294 590 ἐ’χει
324 501 498 590 τιμωρέειν
526 505 559 583 ἒς
581 502 623 570 τά
651 502 789 590 μίγιστα
812 508 942 589 μᾶλλον
964 501 985 590 ἥ
1008 529 1071 590 περ
1095 500 1286 590 ὁμολογέειν
1310 509 1358 591 τῷ

229 612 338 674 ταῦτα
361 603 562 695 ἐργασμένη.

241 735 244 741 ·
318 717 427 776 Plures
450 719 589 776 notiones
618 717 647 775 In
672 721 800 792 utraque
824 718 1056 800 comparaII0nIs
1080 723 1164 793 parte
1188 717 1243 777 sIbi
1267 737 1358 795 oppo-

231 821 306 879 εἰλαε
336 826 419 878 sunt:
450 820 501 896 111,
525 823 625 893 160,6
657 807 823 889 πολλάκις
852 813 887 878 δὲ
910 814 1051 896 Δαρεῖον
1074 805 1201 896 λέγεται
1224 810 1358 898 γνώμην

231 907 330 1000 τήνδε
353 905 594 997 ἀποδέξασθαι,
617 909 662 992 ὡς
684 911 843 993 βούλοιτο
869 907 910 978 άν
927 911 1093 998 Ζώπυρον
1118 910 1201 980 εἶναι
1225 907 1359 980 άπαθὲα

231 1021 290 1103 τῆς
313 1009 454 1103 ἀεικείης
475 1021 607 1100 μᾶλλον
629 1009 648 1100 ἢ
671 1013 880 1096 Βαβυλῶνάς
904 1015 936 1081 ολ
961 1016 1065 1081 είκοσι
1088 1014 1172 1101 πρὸς
1195 1020 1236 1100 τη
1258 1009 1358 1100 ἐοόση

230 1114 484 1244 προσγενέσθαι.
532 1126 581 1202 IV,
605 1130 675 1204 143,
690 1129 728 1186 10
758 1121 894 1202 Δαρεῖος
918 1115 1054 1184 δὲίείιιε
1078 1116 1294 1203 Μεγαβάζους
1318 1113 1358 1184 άν

232 1247 263 1287 οι
287 1218 473 1298 τοσούτους
505 1213 652 1306 ἀριθμόν
683 1217 841 1305 γενέσθαι
872 1217 1054 1300 βούλεσθαι
1080 1219 1255 1304 μάλλον’
1242 1247 1262 1306 η
1293 1213 1357 1339 τὴν

227 1318 414 1422 Ελλάδα(
399 1319 563 1407 οπήκοον.
619 1333 667 1404 III,
696 1335 764 1400 122,
784 1335 824 1390 20
857 1319 968 1407 άρχιιν
997 1348 1033 1388 τε
1063 1324 1195 1389 εἵλοντο
1228 1313 1359 1411 λυπρὴν

232 1413 401 1502 οίλὲοντες
430 1418 608 1511 μάλλονγ
588 1451 599 1488 ι
601 1419 772 1491 πεδιάδα
794 1426 990 1509 σπείροντες
1020 1418 1150 1490 άλλοισι
1174 1420 1356 1492 δουλεύειν.

317 1537 403 1595 Unus
434 1539 531 1595 exstat
553 1537 647 1612 λοοαε,
678 1535 726 1593 ubi
751 1535 802 1593 uni
825 1535 968 1594 notioni
961 1554 990 1594 ιο
1015 1537 1181 1611 posteriore
1205 1554 1356 1613 compara

231 1640 320 1699 IIonis
343 1643 429 1715 parte
452 1637 566 1714 duplex
590 1639 618 1697 In
642 1639 742 1713 p1·i01·e
767 1637 950 1714 respondere
973 1638 1105 1696 videtur:
1130 1639 1181 1710 III,
1205 1643 1305 1714 5413
1330 1631 1358 1695 τό

230 1747 301 1812 παῖ,
333 1729 471 1815 βούλεαι
500 1729 561 1820 τήν
591 1757 627 1798 τε
656 1734 840 1816 τυραννίδα
872 1731 904 1808 ἐς
927 1725 1052 1810 άλλοος
1082 1747 1198 1798 πεσεῖν
1215 1733 1275 1798 ,καὶ
1296 1731 1359 1798 τόν

233 1831 330 1902 οἷκον
342 1829 415 1901 ’τοῦ
438 1832 566 1920 πατρὸς
583 1831 834 1920 διαφορηθέντα
849 1837 982 1918 μᾶλλον
1005 1829 1025 1920 ἢ
1042 1826 1142 1911 αὐτός
1157 1851 1242 1916 σςιεα
1258 1827 1358 1901 άπελ-

231 1929 310 2002 θαλν
334 1935 429 2020 ἔχειν.
1113 1999 1120 2010 ,

320 2047 446 2106 Duobus
469 2045 598 2122 denique
620 2046 693 2105 locIs
716 2045 869 2122 praecedit
890 2041 1019 2122 μᾶλλον
1043 2048 1193 2106 notionem
1218 2067 1292 2124 eam,
1320 2048 1357 2106 ad

234 2168 324 2227 quam
349 2153 479 2227 spectat:

320 2254 381 2322 vn,
407 2253 527 2324 149,18
559 2235 633 2307 ἄλλ’
662 2235 795 2307 ἑλέσθαι
817 2247 959 2326 ’μᾶλλον
986 2237 1054 2308 ὑπὸ
1084 2249 1153 2308 τῶν
1181 2243 1359 2330 βαρβάρων

232 2342 392 2432 όρχεσθαι
415 2343 435 2433 ἥ
457 2372 488 2411 τι
512 2340 644 2428 ὑπεῖξαι
667 2348 969 2430 Λακεδαιμονίοισι.
1016 2354 1095 2431 VIII,
1120 2359 1221 2430 75,12
1245 2345 1359 2432 τυγχά-

232 2473 280 2515 νει
310 2448 371 2535 γὰρ
403 2445 559 2534 φρονέων
591 2445 632 2513 τά
664 2446 816 2528 βασιλέος
844 2451 900 2513 καὶ
931 2442 1136 2533 βουλόμενος
1164 2453 1294 2529 μᾶλλον
1316 2444 1359 2515 τά

231 2545 375 2639 όμὲτιρα
390 2544 585 2635 κατύπερθε
610 2553 764 2634 γίνεσθαι
789 2546 809 2637 ἢ
832 2549 873 2616 τά
891 2553 967 2616 ’των
985 2549 1151 2637 Ἑλλήνων
1173 2550 1357 2638 πράγματα.

318 2660 349 2736 β)
371 2658 525 2739 μᾶλλον
547 2648 568 2737 η’
592 2692 633 2698 -
656 2661 769 2737 ωαςίε
793 2680 905 2737 quam.

319 2765 413 2839 Quam
438 2763 557 2840 quidem
581 2762 748 2841 formulam,
771 2781 848 2839 quae
871 2781 989 2840 semper
1013 2784 1079 2825 cum
1104 2767 1215 2824 verbali
1236 2767 1358 2826 notione

234 2887 285 2943 ea,
313 2885 390 2944 quae
414 2866 452 2925 ad
477 2869 637 2942 utrumque
662 2866 892 2942 comparationis
923 2867 1085 2926 membrum
1118 2867 1264 2945 refertur,
1290 2887 1359 2927 oon-

234 2970 386 3048 Iungenda
410 2971 463 3044 est,
484 2968 673 3028 incertiorem
697 2969 846 3045 quandam
871 2971 1090 3047 oppositionem
1115 2969 1246 3047 efficere,
1269 2990 1306 3030 ex
1322 2971 1359 3029 IIs

234 3093 312 3149 quae
336 3076 503 3148 sequuntur
524 3073 670 3148 exemplis
694 3072 782 3132 facile
805 3074 912 3132 elucet.

320 3176 440 3250 Duplex
457 3175 604 3251 oppositio
621 3174 762 3233 effi4i4u1·:
787 3175 823 3251 11,
842 3179 911 3253 104,
927 3179 946 3234 4
967 3156 1169 3260 καὶμᾶλλον
1185 3167 1217 3232 ολ
1233 3165 1358 3251 Κόλχοι

233 3270 414 3354 ἐμεμνέατο
446 3273 516 3334 τῶν
546 3270 746 3354 Αἰγυπτίων
776 3265 797 3356 ἢ
829 3269 860 3335 οἱ
890 3264 1070 3355 Αίγόπτιοι
1107 3274 1176 3336 των
1208 3267 1358 3354 Κόλχων.

233 3381 288 3440 Hic
320 3381 404 3441 Iocus
432 3399 554 3456 quoque
578 3399 655 3440 unus
677 3378 808 3458 μάλλον
831 3383 953 3441 ineunte
976 3381 1131 3441 enuntiato
1159 3382 1285 3456 positum
1310 3399 1358 3438 ex·

233 3483 322 3542 hibet.
346 3515 385 3522 -—
410 3485 528 3559 11439,
546 3487 583 3544 15
616 3481 665 3562 τῷ
675 3469 756 3596 γάρ
789 3479 879 3561 φίλω
914 3475 976 3561 ἔφη
1010 3481 1200 3562 χαριεῖσθαι
1229 3477 1358 3559 μᾶλλον

234 3570 420 3656 αποδιδοις
442 3576 485 3643 τὰ
507 3572 680 3664 4444455'
669 3573 773 3698 άρχηι
795 3581 876 3665 μηδι
904 3575 1023 3660 λαβων.
1072 3587 1134 3656 VII
1154 3586 1213 3647 104
1239 3589 1279 3646 20
1302 3574 1358 3642 ἔπ-

234 3701 304 3745 εστι
334 3673 396 3765 γάρ
428 3699 486 3763 σοι
517 3677 680 3767 δεσπότης
709 3677 825 3765 νόμος,
853 3678 915 3746 τόν
938 3671 1214 3766 οποδειμαίνουσι
1236 3684 1358 3764 πολλῷ

234 3782 281 3848 ίτι
304 3778 479 3867 μᾶλλον”
458 3807 479 3867 η
504 3782 536 3848 οἱ
559 3785 612 3849 σοί
635 3801 677 3851 σε.

319 3894 488 3969 θιωρίιοιοι
490 3911 533 3951 em
547 3899 593 3952 rta
595 3895 691 4002 ίοιιοιμ
705 3899 826 3952 servant
839 3896 930 3953 ceteri
943 3894 1014 3954 Ioci:
1028 3895 1048 3965 Ι,
1062 3898 1111 3971 24,
1122 3899 1139 3954 6
1153 3879 1358 3952 πιστεόοντα

233 3990 268 4054 δὲ
293 3980 470 4072 οόδαμοισι
494 3983 666 4072 μᾶλλον
654 4013 675 4074 η
707 3990 931 4074 Ιιοριιθίοισι.
979 4001 1028 4073 97,
1045 4001 1061 4057 7
1086 3985 1202 4074 ἐούσης
1231 3975 1279 4052 ολι
1303 3982 1358 4072 άρ

232 4095 340 4210 παγης
370 4093 426 4156 καὶ
458 4083 595 4177 ιινομίης
627 4089 675 4156 ε’τι
708 4096 828 4156 πολλιλ
835 4096 989 4186 μᾶλλον
1022 4085 1085 4156 άνιι
1115 4087 1174 4169 τάς
1202 4085 1357 4176 κιόμαςη

233 4189 402 4277 πρότερον
425 4181 473 4280 ἦν.
520 4203 557 4279 ΙΙ,
573 4206 621 4272 43,
641 4205 706 4262 18·
702 4182 809 4260 ὥστε·
817 4187 954 4260 τοίτων
982 4188 1024 4259 άν
1055 4196 1265 4279 καὶμᾶλλον
1287 4215 1357 4258 των
